2080 3480
921 231 1208 271 —39,-

288 342 398 385 3653
437 360 739 398 comprecamur.
798 342 906 384 Ace.
940 343 994 384 70
1024 346 1217 397 amplexa,
1255 344 1368 398 quod
1397 343 1565 386 Nonius
1594 355 1675 397 pro
1711 341 1847 396 impe-

285 411 421 454 rativo
441 411 585 465 habet,
617 426 715 454 cum
735 409 974 454 Ribbeckio
1000 411 1232 454 certissime
1253 427 1331 467 pro
1352 412 1580 468 participio
1600 410 1847 454 habendum

286 484 362 523 est.
432 481 645 536 Pompon.
686 480 798 523 Bon.
837 481 888 522 31
933 483 1082 522 moriri.
1148 479 1340 525 Verbum
1371 482 1555 530 vilicari,
1602 479 1720 537 quod
1763 493 1846 523 sec.

284 549 475 593 Nonium
500 551 592 602 186,
616 551 642 592 8
672 549 787 591 idem
818 552 883 591 est
913 550 1027 604 quod
1056 549 1252 593 rusticari
1281 551 1349 595 vel
1378 551 1503 594 villae
1523 563 1737 606 praeesse,
1770 562 1846 592 sex

284 618 391 661 locis
419 618 650 660 invenitur:
681 618 793 660 Atta
829 619 877 660 17
908 626 1023 672 pater
1051 623 1237 661 vilicatur
1265 627 1366 662 tuus.
1411 619 1573 674 Turpil.
1605 620 1661 662 82
1691 622 1844 661 vilicor.

291 687 373 728 170
402 689 607 728 vilicabar.
650 685 802 728 Afran.
835 687 915 729 327
947 691 1138 730 vilicetur.
1179 687 1331 743 Pomp.
1361 688 1472 732 Bon.
1504 690 1559 731 45
1591 692 1635 730 et
1664 689 1723 730 46
1750 690 1842 730 vili-

217 791 219 794 .
289 757 382 795 cari.
428 752 803 808 Semjdeponentia
824 760 920 798 sunt
948 756 1050 799 Pac.
1073 758 1153 799 261
1181 764 1388 798 consuetus
1420 760 1462 798 et
1483 756 1646 811 Turpil.
1678 758 1733 798 33
1753 759 1844 797 Non

285 839 371 864 sum
408 826 541 865 iurata
579 823 825 877 (Diomedes
855 824 880 866 I
908 838 947 879 p.
980 826 1061 867 397
1093 824 1171 882 P.).
1232 825 1376 868 Multa
1405 825 1556 878 verba,
1588 823 1697 879 quae
1728 825 1843 879 apud

285 891 546 945 posteriores
584 893 813 947 scriptores
849 893 891 936 in
929 897 1195 937 constantem
1230 894 1413 937 formam
1452 907 1498 936 se
1529 897 1843 946 converterunt,

286 959 401 1014 apud
430 959 508 1004 hos
538 965 688 1016 poetas
719 962 934 1006 scaenicos
963 963 1126 1017 priscos
1158 962 1382 1006 etiamtum
1401 961 1612 1004 fluctuant
1640 962 1753 1004 inter
1773 976 1843 1005 ac-

286 1029 418 1072 tivam
450 1033 494 1072 et
522 1030 768 1084 passsivam,
799 1031 1098 1089 nonnullorum
1119 1032 1227 1075 adeo
1259 1031 1352 1075 sola
1383 1031 1511 1073 activi
1540 1030 1678 1073 forma
1708 1030 1761 1072 ab
1791 1031 1843 1073 iis

285 1102 503 1152 usurpata.
523 1103 599 1142 est.
642 1098 744 1142 Pac.
779 1100 831 1142 78
863 1103 1084 1142 coniectura
1114 1127 1170 1146 -,
1202 1104 1393 1154 amarat.
1436 1099 1543 1142 Acc.
1576 1100 1659 1142 497
1693 1102 1840 1140 coniec-

284 1173 374 1208 tura
415 1182 584 1220 auquw.
644 1167 796 1213 Afran.
837 1170 862 1210 8
905 1184 1102 1220 augurem.
1168 1167 1223 1209 In
1258 1168 1428 1222 passivo
1466 1168 1572 1210 Ace.
1611 1171 1747 1221 praet.
1787 1169 1841 1208 39

286 1239 534 1290 auqurabum
566 1240 625 1277 est
655 1253 737 1277 rem
766 1239 995 1283 Romanam,
1011 1238 1210 1290 publicam
1239 1253 1428 1279 summam
1459 1240 1553 1279 fore.
1603 1234 1748 1279 LOCUS
1777 1235 1840 1279 in-

287 1308 428 1346 certus
460 1307 525 1346 est
545 1304 653 1346 Acc.
676 1306 743 1356 87,
769 1304 842 1347 ubi
872 1305 935 1346 ed.
965 1318 1027 1357 pr.
1057 1304 1188 1346 habet
1208 1312 1405 1357 augurem,
1435 1304 1532 1347 libri
1562 1320 1742 1357 augurer,
1774 1304 1839 1345 ed.

289 1373 400 1414 1480
438 1378 644 1424 augurent.
702 1371 805 1415 Pac.
843 1374 902 1430 96,
935 1376 1208 1426 prospectum
1238 1388 1395 1426 auc-apo
1432 1394 1473 1409 -τ
1511 1373 1617 1416 Acc.
1657 1374 1754 1416 407.
1785 1399 1841 1403 —

284 1439 392 1482 Acc.
435 1441 515 1482 165
553 1443 596 1480 id
626 1465 681 1469 —
713 1444 938 1493 aucupant.
1001 1439 1128 1482 Titin.
1170 1441 1248 1482 151
1287 1444 1330 1481 id
1360 1457 1431 1493 ego
1461 1441 1677 1495 aucupavi.
1736 1440 1840 1482 Pac.

287 1509 341 1550 98
373 1508 625 1550 adiutamini
655 1516 694 1550 et
724 1512 934 1550 defendite.
996 1507 1124 1563 (Non.
1156 1511 1222 1562 74,
1257 1511 1276 1550 1
1311 1513 1520 1551 aiutamini
1549 1523 1628 1563 pro
1660 1512 1840 1560 aiutate).

285 1576 389 1619 Pac.
425 1577 504 1618 157
541 1579 660 1617 Illum
699 1593 859 1630 quaero,
904 1580 972 1631 qui
1003 1576 1220 1618 adimatur
1259 1576 1387 1634 (Non.
1419 1578 1521 1631 477,
1553 1578 1608 1619 26
1640 1580 1843 1619 adiutatur

284 1660 364 1699 pro
396 1646 586 1700 adiutat).
636 1645 743 1687 Aoo.
779 1647 860 1688 103
890 1653 931 1687 te
961 1646 1152 1687 adiutem.
1194 1646 1345 1688 Afran.
1376 1648 1457 1688 207
1489 1663 1551 1687 me
1581 1646 1841 1687 adiutamini.

285 1712 387 1757 Pac.
423 1714 501 1756 101
535 1717 664 1768 opino.
723 1712 876 1767 Afran.
908 1714 993 1756 418
1032 1716 1181 1768 opinor.
1241 1713 1344 1757 Pac.
1381 1715 1461 1757 166
1493 1717 1590 1756 Cum
1627 1730 1752 1768 neque
1781 1729 1842 1755 me
1887 1759 1891 1764 ,

287 1787 460 1836 aspicere
497 1787 677 1835 aequales
709 1783 927 1834 dignarent
956 1798 1064 1822 meae
1096 1782 1224 1836 (Non.
1256 1784 1358 1835 470,
1395 1785 1445 1824 19
1478 1786 1641 1834 dignavi
1669 1796 1748 1835 pro
1779 1782 1840 1822 di-

287 1854 442 1906 gnatus
473 1864 566 1893 sum
595 1849 661 1893 vel
692 1849 863 1905 dignum
895 1843 1023 1905 duxi)‘.
1066 1848 1168 1891 Pac.
1202 1850 1285 1891 212
1317 1850 1457 1904 (liquet
1487 1853 1681 1891 decorare.
1731 1848 1839 1891 Acc.

288 1921 369 1962 447
409 1920 577 1973 cliynavi
615 1944 668 1950 —
707 1921 809 1961 dare.
854 1944 908 1949 —
950 1917 1057 1959 Acc.
1096 1918 1176 1959 231
1222 1922 1358 1970 Egone
1394 1921 1588 1971 Argivum
1630 1921 1841 1972 imperium

287 1992 483 2040 attingam
513 1994 582 2028 aut
612 1990 777 2040 Pelopia
807 1987 946 2040 diqnes
979 1988 1121 2027 domo?
1153 1985 1278 2038 (Non.
1311 1987 1407 2039 281,
1439 1988 1466 2028 4
1497 1989 1683 2038 dignatus
1714 1986 1840 2039 Signi-

285 2056 389 2099 ficat
431 2055 582 2110 dignus
623 2055 821 2111 habitus).
865 2081 918 2085 —
960 2053 1118 2096 Activa
1160 2053 1468 2108 significatione
1509 2054 1843 2110 intellegendum

284 2124 392 2166 Aoo.
424 2125 509 2165 474
546 2128 624 2175 cui,
668 2140 767 2178 quae
803 2140 888 2164 cum
926 2126 996 2163 illo
1026 2126 1187 2174 fuerim,
1232 2123 1431 2177 diynabor
1461 2126 1574 2165 dari?
1624 2123 1725 2166 Pac.
1760 2125 1838 2166 181

282 2200 462 2234 moraret.
521 2192 755 2247 Deponens
785 2192 891 2233 Ace.
927 2192 1007 2233 173
1046 2195 1258 2232 exercitum
1292 2193 1455 2234 morari.
1515 2192 1621 2235 Acc.
1654 2194 1679 2234 9
1717 2196 1840 2246 perti-

283 2278 417 2302 nacem
458 2264 516 2301 nil
555 2275 695 2302 moror.
754 2261 852 2302 Pac.
892 2260 975 2300 210
1018 2263 1195 2300 altercas.
1256 2260 1340 2301 225
1378 2263 1481 2301 Exul
1518 2264 1665 2301 incerte
1703 2264 1838 2313 vaqab.

286 2330 368 2372 302
400 2345 532 2371 errans
563 2333 697 2381 vaqat.
738 2331 844 2371 Ace.
868 2328 951 2369 236
972 2334 1120 2379 vagant
1148 2348 1188 2361 =
1218 2329 1313 2369 409.
1359 2329 1440 2369 441
1464 2331 1632 2380 Vagent.
1676 2327 1841 2382 Turpil.

289 2399 369 2440 122
418 2397 456 2438 V
451 2411 549 2452 aqas
584 2400 748 2438 insania.
807 2395 914 2437 Acc.
954 2397 1036 2437 643
1075 2402 1226 2448 evagat.
1286 2394 1388 2437 Pac.
1428 2397 1511 2438 306
1549 2403 1662 2438 tuum
1702 2404 1743 2438 te
1780 2400 1841 2437 in-

284 2470 444 2520 genium
480 2466 670 2507 moderat.
729 2465 834 2506 Ace.
874 2465 956 2506 308
994 2464 1174 2504 moderat
1211 2470 1349 2504 metus.
1408 2464 1515 2506 Ace.
1549 2465 1603 2506 72
1644 2472 1842 2506 cunctant.

290 2538 370 2579 164
412 2538 544 2590 patria
583 2533 799 2588 populavit
836 2536 948 2574 bona.
1013 2530 1117 2573 Alia
1159 2530 1467 2585 significatione
1509 2532 1613 2576 Pac.
1652 2535 1706 2576 79
1744 2537 1843 2575 mihi

286 2608 458 2659 patriam
480 2603 700 2658 populavit
730 2618 853 2644 meam
885 2603 946 2656 (=
974 2599 1121 2654 populi
1141 2612 1332 2642 amorem
1363 2601 1593 2644 conciliare
1624 2616 1707 2645 sec.
1729 2602 1841 2646 Non.

286 2675 354 2727 39,
386 2675 469 2728 31).
529 2672 636 2715 Acc.
671 2672 751 2715 195
781 2671 1019 2712 miserarent
1049 2671 1161 2710 mala.
1222 2669 1306 2711 353
1338 2672 1443 2719 Quid
1471 2677 1512 2712 te
1541 2674 1742 2713 miseraris
1776 2673 1843 2727 (ex

286 2742 420 2798 coni.).
473 2743 556 2785 355
588 2745 644 2783 Te
675 2738 995 2782 commiserabam
1024 2741 1146 2789 magis
1185 2754 1302 2790 quam
1338 2741 1555 2781 miserebar
1591 2743 1679 2781 mei.
1730 2739 1842 2795 (libri

285 2814 531 2865 miserabar).
573 2810 680 2854 Aac.
702 2810 793 2852 265.
807 2811 1029 2863 partissent.
1071 2804 1222 2848 Afran.
1245 2806 1300 2848 50
1321 2813 1559 2849 testamento
1581 2833 1634 2840 -—
1655 2811 1845 2862 partisset

284 2884 398 2923 bona.
457 2880 549 2925 Inc.
579 2880 660 2922 inc.
691 2883 798 2934 trag.
835 2879 915 2920 136
948 2876 1094 2930 laryz'ri
1124 2879 1266 2928 fruges.
1321 2875 1429 2918 Acc.
1463 2876 1546 2918 282
1578 2880 1681 2929 largi
1712 2876 1843 2933 (Non.
