2080 3480
921 181 1210 223 ..72-

280 300 320 336 et
355 295 547 335 diadema.
608 291 763 350 Pomp.
796 295 821 336 9
859 293 941 337 inc.
979 295 1062 338 ino.
1101 299 1211 352 trag.
1251 295 1318 338 85.
1353 294 1433 337 107
1471 295 1773 348 Hellespontum
1811 299 1850 335 et

279 367 462 405 claustra.
527 363 609 404 125
648 366 895 406 exultantem
926 390 982 395 -—
1013 372 1054 407 et
1090 367 1371 419 praefidentem
1407 366 1495 404 tibi.
1558 363 1639 405 145
1676 365 1850 417 prudens

279 438 320 473 et
350 434 487 473 sciens.
533 432 616 473 173
646 435 729 473 vim
759 439 965 475 taurorum
996 440 1037 475 et
1066 438 1212 487 segetis
1243 439 1416 476 armatae
1444 448 1592 473 manus.
1636 432 1721 474 226
1752 434 1848 473 ami-

279 503 415 542 citiam
446 506 487 540 et
515 502 644 541 fidem.
687 502 785 544 248.
810 499 972 545 Santra
993 504 1032 545 3.
1074 502 1182 546 Aoo.
1203 505 1340 558 praet.
1363 502 1388 544 2
1410 503 1588 543 Clamore
1619 507 1658 542 et
1687 503 1849 553 gemitu.

283 571 335 611 14
366 586 449 611 rem
479 585 671 611 summam
702 578 743 612 et
771 575 945 625 patriam
974 579 1162 614 nostram.
1207 570 1370 626 Turpil.
1396 572 1461 624 15,
1493 571 1547 613 38
1577 572 1850 622 indulgentem

280 645 320 680 et
357 641 569 681 diutinum.
631 640 684 682 57
725 647 835 682 aetas
866 644 1046 694 degenda
1077 647 1117 682 et
1146 643 1358 683 vivendum
1389 647 1499 681 esset.
1561 639 1615 682 62
1648 654 1779 681 errare
1810 644 1850 679 et

280 711 479 761 conqueri.
544 709 627 750 148
668 712 821 750 clamen
858 716 898 751 et
934 727 1087 763 querar.
1149 711 1233 752 212
1272 725 1461 762 occupare
1491 714 1531 749 et
1560 724 1622 749 me
1658 711 1701 749 in
1732 710 1849 749 collo-

280 780 419 831 quium
451 803 507 808 —
544 780 722 819 conferre
757 780 925 820 horum?
984 777 1094 821 Pall.
1131 777 1212 820 inc.
1250 777 1332 820 inc.
1364 778 1420 819 34
1451 780 1566 818 docte
1602 783 1642 818 et
1672 779 1849 819 delicate.

282 844 414 887 Titin.
461 846 515 888 16
559 848 636 896 Qui
678 862 761 887 rem
804 850 1000 901 disperdit
1041 853 1080 887 et
1121 863 1247 887 meam
1289 849 1420 886 dotem
1461 852 1616 887 comest.
1685 846 1752 887 64.
1795 846 1848 886 87

282 931 422 956 manus
453 918 577 957 lavite
609 941 664 946 ——
695 918 748 956 Et
779 918 912 969 capita
941 919 1080 957 velate.
1144 915 1226 957 100
1255 916 1436 955 Delicere
1467 919 1507 955 et
1536 921 1690 956 noctem
1723 917 1850 956 facere

285 1010 343 1015 —
393 988 442 1026 de
493 987 569 1026 die.
654 985 736 1026 104
788 986 911 1026 Obsce
970 991 1009 1026 et
1057 986 1209 1025 Volsce.
1296 982 1376 1024 138
1426 985 1561 1024 tunica
1618 989 1658 1025 et
1711 986 1851 1037 togula

286 1057 514 1094 obunctula.
564 1052 719 1095 Afran.
753 1054 819 1095 62.
852 1055 948 1095 201.
984 1054 1077 1094 101.
1112 1054 1193 1094 116
1228 1054 1354 1106 proba
1391 1057 1431 1092 et
1460 1054 1614 1105 pudica.
1672 1052 1728 1094 ib.
1760 1068 1849 1093 con-

282 1125 371 1163 sulo
402 1128 442 1163 et
472 1138 591 1175 parco
621 1124 731 1163 mihi.
796 1123 877 1164 164
914 1125 1023 1164 illius
1059 1125 1164 1163 facta
1194 1127 1234 1162 et
1262 1123 1493 1175 spurcitiam
1522 1123 1705 1174 improbi.
1769 1121 1850 1163 175

282 1204 345 1244 sq.
384 1206 497 1231 curre
539 1197 578 1231 et
616 1193 757 1231 nuntia
794 1193 941 1232 Venire
979 1198 1018 1231 et
1054 1207 1202 1231 mecum
1239 1206 1366 1231 meam
1407 1192 1606 1243 speratam
1647 1192 1850 1231 adducere.

289 1259 370 1300 185
402 1274 556 1299 sacrum
586 1274 761 1299 scurram
791 1265 832 1299 et
868 1263 1024 1301 malum.
1067 1259 1152 1300 226
1182 1261 1308 1312 pollet
1338 1266 1378 1299 et
1404 1261 1556 1313 pariter
1580 1264 1722 1312 potest.
1765 1258 1847 1300 237

282 1333 373 1380 tege
402 1334 449 1369 tu
479 1333 519 1368 et
549 1330 711 1369 sustine.
772 1327 857 1369 255
889 1331 992 1369 ferre
1023 1334 1063 1369 et
1091 1344 1170 1369 non
1201 1343 1283 1368 esse
1312 1330 1587 1369 intolerabilis.
1638 1327 1734 1369 301.
1766 1328 1851 1369 320

281 1398 503 1438 Perfalsum
534 1401 575 1437 et
605 1398 676 1437 abs
706 1401 747 1437 te
772 1398 967 1437 creditum
987 1412 1149 1438 numero
1169 1398 1298 1437 nimis.
1343 1396 1438 1437 326.
1472 1395 1568 1438 331.
1601 1396 1685 1438 360
1715 1398 1850 1437 sinunt

283 1467 326 1505 di
357 1472 397 1505 et
433 1481 553 1518 porro
591 1481 777 1518 passuros
815 1468 906 1505 scio.
969 1466 1065 1506 355.
1097 1465 1194 1506 358.
1233 1466 1316 1506 376
1354 1467 1594 1505 tumultuose
1632 1471 1671 1505 et
1701 1468 1850 1506 cunctis

284 1536 422 1588 copiis.
473 1534 558 1575 415
590 1536 711 1575 facito
743 1559 799 1564 —-
829 1537 883 1574 Et
904 1559 958 1564 —
980 1536 1148 1575 dimitte.
1189 1532 1342 1588 Pomp.
1371 1532 1482 1576 Bon.
1514 1533 1568 1575 27
1599 1535 1780 1574 Dosenno
1811 1539 1851 1575 et

283 1605 515 1643 fullonibus.
576 1602 631 1643 59
663 1608 821 1642 tenuem
852 1608 892 1642 et
922 1605 1127 1642 tinnulam.
1188 1602 1254 1642 83.
1288 1602 1354 1643 92.
1390 1602 1483 1643 105.
1517 1602 1598 1642 136
1630 1605 1781 1642 senium
1811 1609 1851 1643 et

283 1676 442 1711 metum.
498 1670 579 1712 156
610 1673 755 1711 rictum
786 1676 826 1711 et
855 1673 1001 1712 labeas.
1043 1668 1089 1712 N
1090 1683 1153 1713 ov.
1186 1670 1240 1712 63
1271 1672 1325 1710 mi
1356 1672 1496 1723 algebo
1527 1676 1567 1711 et
1596 1672 1651 1711 mi
1681 1673 1850 1712 esuribo.

288 1739 369 1781 103
401 1741 686 1780 tristimoniam
717 1764 773 1769 —
803 1744 842 1779 et
872 1742 1104 1780 vecordiam.
1164 1738 1298 1780 Atell.
1335 1737 1417 1780 inc.
1449 1751 1562 1781 nom.
1597 1740 1632 1780 1.
1691 1737 1849 1781 Labor.

287 1808 368 1849 117
409 1810 557 1861 populo
600 1814 639 1849 et
680 1810 755 1849 tali
792 1833 844 1838 —-
882 1811 980 1849 viro.
1044 1808 1138 1850 137.
1181 1808 1259 1849 141
1303 1823 1465 1848 uxorem
1505 1813 1615 1848 tuam
1651 1814 1691 1849 et
1726 1824 1851 1849 meam

285 1879 517 1918 Novercam.
577 1874 702 1918 Publ.
736 1873 829 1930 Syr.
862 1878 900 1918 2.
963 1874 1056 1931 Syr.
1089 1880 1196 1918 sent.
1231 1877 1283 1918 16
1321 1892 1452 1917 amare
1488 1883 1528 1916 et
1558 1891 1706 1929 sapere.
1766 1876 1847 1917 231

284 1947 401 1986 dolor
431 1949 472 1986 et
501 1947 701 1997 gaudium.
753 1945 837 1987 255
867 1948 976 1987 nasci
1006 1951 1046 1986 et
1075 1948 1187 1986 mori.
1232 1944 1316 1986 249
1347 1946 1512 1985 lascivia
1543 1950 1583 1985 et
1613 1946 1709 1986 laus.
1753 1945 1849 1987 332.

285 2014 371 2055 396
402 2029 481 2054 11011
520 2016 676 2054 laudari
716 2019 756 2053 et
786 2029 869 2054 esse
897 2016 1147 2054 laudabilem.
1209 2013 1294 2054 684
1323 2015 1478 2065 patiens
1510 2018 1550 2052 et
1579 2016 1705 2054 fortis.
1768 2014 1850 2056 715

283 2098 414 2123 meum
454 2087 495 2122 et
525 2088 648 2123 tuum.
712 2082 792 2123 737
827 2084 930 2122 oculi
968 2088 1007 2122 et
1044 2097 1168 2123 aures.
1229 2080 1310 2123 807
1343 2084 1449 2122 vocis
1480 2087 1518 2122 et
1548 2083 1692 2123 silenti.
1753 2082 1849 2124 855.

282 2149 430 2193 Anon.
462 2149 577 2192 mim.
612 2151 637 2191 6
676 2165 845 2202 aequum
882 2156 922 2190 et
958 2152 1114 2190 bonum.
1179 2150 1231 2190 10
1261 2152 1333 2191 vili
1363 2152 1485 2190 vultis
1522 2143 1648 2191 emere
1677 2153 1730 2191 Et
1760 2166 1851 2192 caro

282 2222 461 2261 vendere.
523 2217 566 2273 b)
598 2215 647 2260 Si
682 2217 809 2272 plura
846 2217 1021 2260 nomina
1057 2216 1324 2260 adnectenda
1360 2222 1475 2271 sunt,
1518 2221 1593 2261 aut
1621 2217 1849 2273 unicuique

283 2287 458 2330 additur
480 2291 536 2335 et,
573 2290 649 2329 aut
668 2286 821 2329 ultimo
843 2288 1023 2328 tantum.
1067 2284 1169 2328 Pac.
1192 2287 1274 2329 366
1305 2290 1483 2329 insanam
1513 2303 1597 2328 esse
1628 2292 1668 2328 et
1698 2302 1851 2328 caecam

283 2363 323 2398 et
358 2359 529 2398 brutam.
595 2355 705 2397 Ace.
746 2355 831 2397 654
869 2357 1104 2395 Assaracum
1142 2362 1180 2396 et
1216 2358 1319 2396 Ilum
1355 2362 1395 2397 et
1433 2359 1682 2397 Catamitum.
1741 2354 1851 2397 Pall.

283 2424 366 2466 inc.
396 2424 478 2466 inc.
503 2425 559 2466 46
582 2427 633 2466 da
663 2430 704 2465 te
736 2426 778 2464 in
809 2438 1026 2464 sermonem
1057 2430 1096 2464 et
1125 2440 1284 2477 perseca
1313 2427 1367 2465 Et
1397 2426 1542 2465 confice
1573 2426 1653 2465 etc.
1696 2421 1850 2465 Afran.

287 2493 369 2534 143
413 2505 475 2546 sq.
519 2495 611 2534 tolli
653 2495 707 2533 Et
750 2493 946 2532 conlocari
989 2497 1028 2530 et
1071 2495 1279 2533 confoveri.
1348 2492 1428 2533 381
1470 2494 1591 2531 Aetas
1634 2497 1674 2531 et
1710 2506 1851 2544 corpus
1925 2517 1928 2519 ,

283 2569 463 2603 tenerum
494 2567 534 2602 et
564 2562 835 2613 morigeratio.
898 2556 1061 2613 Turpil.
1097 2560 1178 2602 110
1209 2563 1424 2615 cupiditas,
1464 2561 1674 2601 suavitudo
1704 2565 1744 2601 et
1773 2562 1851 2601 mei

281 2633 406 2673 animi
444 2633 679 2685 expectatio.
749 2630 787 2684 c)
828 2649 870 2664 =
904 2627 1045 2671 etiam.
1087 2629 1194 2671 Acc.
1237 2633 1374 2684 praet.
1421 2629 1473 2671 15
1517 2635 1556 2669 et
1596 2643 1658 2669 me
1699 2631 1850 2670 dicabo.

279 2700 388 2744 Aoo.
416 2700 497 2742 196
519 2702 637 2741 simul
668 2704 709 2739 et
736 2718 779 2734 =
808 2698 905 2740 571.
951 2693 1045 2752 Syr.
1068 2701 1172 2739 sent.
1199 2699 1279 2740 169
1301 2701 1460 2740 fortuna
1482 2712 1559 2751 quo
1580 2712 1631 2748 se,
1657 2699 1795 2755 eodem
1812 2703 1852 2738 et

280 2772 449 2811 inclinat
476 2772 600 2811 favor.
645 2768 731 2810 550
760 2783 870 2809 amor
897 2772 937 2807 et
957 2772 1082 2807 nocet.
1127 2766 1220 2808 583.
1244 2767 1339 2809 591.
1364 2767 1460 2809 657.
1483 2766 1579 2808 808.
1625 2764 1668 2820 d)
1690 2772 1730 2807 et
1749 2792 1790 2798 -—
1812 2773 1852 2808 et

280 2836 384 2882 Pac.
407 2839 475 2881 32.
518 2836 627 2880 Ace.
652 2836 719 2879 88.
764 2833 859 2892 Syr.
883 2838 990 2878 sent.
1016 2834 1109 2876 137.
1154 2835 1192 2890 e)
1225 2842 1332 2877 et—
1351 2842 1486 2877 tamen
1507 2832 1601 2890 Syr.
1625 2837 1730 2877 sent.
1753 2835 1849 2877 421.
