2080 3480
888 226 1174 265 —59—

253 336 398 378 tivum.
441 337 543 380 Pac.
579 339 659 380 155
689 341 794 378 unde
825 341 1028 380 exoritur?
1061 341 1151 381 107.
1192 340 1299 382 Aoo.
1325 342 1420 382 455.
1452 340 1549 382 533.
1581 340 1678 380 566.
1711 338 1811 380 677.

255 404 350 448 424.
380 404 462 449 1110.
491 405 571 449 inc.
602 409 712 461 trag.
746 406 810 448 19.
844 406 908 449 76.
950 405 1059 451 Nov.
1086 408 1151 452 55.
1184 406 1275 465 Syr.
1307 411 1411 453 sent.
1446 409 1527 452 162
1558 411 1664 450 unde
1694 409 1813 450 abiit.

257 475 351 515 172.
383 476 478 517 733.

370 542 467 586 inde
495 541 600 586 Pac.
635 543 728 584 121.
760 543 856 586 252.
897 543 1005 588 Ace.
1034 550 1169 601 praet.
1200 547 1266 589 21.
1303 550 1395 589 inde
1426 550 1568 589 abhinc
1597 545 1704 589 Pac.
1736 545 1806 587 21.

254 611 435 666 undique
462 610 566 652 Pac.
589 611 685 652 415.
726 611 822 653 hino
850 611 950 656 Pac.
979 616 1041 656 16.
1077 616 1167 656 184.
1200 617 1294 657 255.
1327 617 1410 657 326
1441 619 1639 656 Facessite
1670 630 1806 656 omnes

253 682 354 721 hinc.
385 679 482 721 418.
530 677 639 721 Ace.
671 679 766 722 266.
798 681 892 725 438.
925 683 1006 726 519
1038 686 1152 726 Cesso
1188 687 1279 726 hinc
1316 688 1374 726 ire
1406 682 1494 727 -Ρ
1526 684 1621 727 660.
1672 682 1803 726 Titin.

256 748 349 793 182.
392 746 544 789 Afran.
568 749 621 790 76
652 751 755 789 Hinc
784 753 893 792 abiit.
936 751 1096 806 Turpil.
1118 754 1156 794 5.
1198 752 1351 794 Afran.
1371 754 1456 796 202
1482 756 1605 807 potin'
1635 759 1682 793 ut
1709 755 1804 792 hinc

253 818 447 857 facessas?
503 816 586 859 203
617 820 762 860 facesse
791 821 891 863 hinc.
941 822 1023 863 265
1053 821 1165 863 Hine
1196 825 1415 864 auscultavi
1437 821 1597 875 procul.
1647 819 1803 874 Pomp.

251 882 363 928 Bon.
396 885 463 926 90.
496 911 550 915 —
580 884 683 928 Pac.
715 887 769 928 92
799 890 1063 944 Indidemque.

378 964 453 1005 Ubi
483 968 526 1007 et
561 966 908 1022 interrogativum
946 973 1011 1012 est
1047 974 1091 1012 et
1119 969 1362 1020 relat-ivum3
1404 969 1577 1022 proprie
1616 969 1669 1010 de
1704 968 1801 1010 loco

253 1031 420 1087 dicitur,
451 1033 525 1077 sed
554 1034 776 1079 relativum
798 1038 1004 1081 convertit
1031 1052 1076 1081 se
1098 1038 1227 1081 etiam
1255 1037 1301 1079 in
1321 1035 1674 1092 significationem
1693 1040 1801 1079 tem·

251 1102 379 1156 p'oris.
438 1102 540 1144 Pac.
576 1105 667 1145 134.
700 1106 795 1147 225.
828 1108 922 1148 337.
955 1109 1021 1149 69.
1050 1107 1158 1149 Acc.
1194 1108 1275 1148 154
1315 1106 1390 1147 Ubi
1420 1122 1512 1160 cura
1543 1112 1612 1157 est,
1644 1105 1702 1146 ibi
1733 1122 1801 1146 an-

253 1173 392 1213 xitudo
423 1175 617 1225 acerbast,
660 1172 718 1215 ibi
749 1179 956 1218 cunctatio.
1016 1176 1099 1219 324
1129 1179 1206 1218 Ubi
1236 1192 1338 1217 nunc
1367 1177 1554 1217 terricula
1582 1181 1652 1216 tua
1682 1177 1801 1216 sunt?

252 1240 347 1282 243.
380 1240 475 1282 418.
507 1241 603 1283 476.
635 1242 716 1284 537
754 1246 823 1284 ubi
842 1246 986 1285 habet?
1027 1245 1122 1286 569.
1154 1244 1236 1286 613
1273 1243 1325 1285 de
1355 1246 1558 1297 tempore.
1600 1244 1697 1285 452.
1730 1243 1799 1285 54.

250 1308 330 1350 inc.
369 1308 451 1350 inc.
483 1310 592 1363 trag.
628 1311 720 1351 119.
755 1311 846 1353 152.
878 1313 944 1353 43.
979 1313 1031 1353 75
1068 1312 1176 1355 Aco.
1207 1313 1289 1353 425
1324 1315 1394 1353 ubi
1428 1315 1498 1352 ubi
1536 1318 1629 1359 est„
1665 1310 1798 1364 Turp.

254 1377 292 1417 9.
317 1377 380 1417 64
410 1379 480 1418 ubi
502 1402 556 1407 ——
577 1380 758 1419 audierit.
801 1379 867 1421 69.
891 1381 945 1422 92
975 1372 1079 1421 Ubi?
1132 1380 1212 1422 194
1243 1380 1294 1423 de
1324 1383 1528 1434 tempore,
1558 1379 1662 1421 item
1686 1377 1799 1421 Pall.

251 1444 332 1486 inc.
364 1444 445 1486 inc.
477 1445 503 1486 3
533 1448 612 1486 Ubi
641 1449 752 1487 venit
770 1450 980 1500 Megaram.
1013 1449 1079 1490 90.
1130 1447 1255 1490 Titin.
1291 1450 1355 1489 11.
1386 1449 1440 1489 28
1472 1447 1524 1489 de
1553 1447 1662 1500 loco,
1692 1447 1797 1489 item

251 1511 363 1555 Atta
395 1512 459 1555 10.
518 1512 670 1555 Afran.
710 1515 776 1556 34.
812 1516 891 1558 136
928 1516 998 1558 ubi
1032 1517 1098 1558 hic
1132 1520 1299 1559 Moschis
1330 1542 1384 1546 ——
1414 1519 1534 1568 habet
1565 1514 1653 1557 -Ρ
1716 1515 1797 1557 199

252 1580 417 1636 (relat).
450 1582 546 1623 272.
578 1583 662 1624 345
691 1586 762 1624 ubi
798 1587 969 1626 confixus
1000 1588 1177 1627 desides?
1236 1584 1386 1638 Pomp.
1415 1583 1526 1626 Bon.
1558 1584 1613 1625 40
1643 1586 1713 1624 ubi
1745 1608 1798 1613 —-

250 1652 321 1691 ibi.
375 1650 441 1692 96.
476 1650 555 1693 167
586 1653 655 1692 ubi
693 1655 909 1705 cognorint.
968 1652 1076 1696 Nov.
1107 1642 1174 1696 '50.
1204 1652 1274 1696 De
1303 1656 1497 1707 tempore
1526 1650 1682 1694 Laber.
1717 1652 1794 1693 131

250 1721 292 1758 in
322 1725 517 1769 autumno,
547 1722 617 1760 ubi
647 1722 726 1761 etc.
788 1717 881 1774 Syr.
913 1726 1018 1763 sent.
1050 1723 1116 1763 52.
1152 1723 1243 1763 105.
1279 1723 1370 1763 127.
1403 1722 1498 1762 221.
1530 1721 1614 1761 284
1643 1723 1712 1760 ubi
1743 1745 1797 1749 -

250 1791 353 1827 tunc.
404 1786 499 1828 293.
538 1786 621 1828 298
663 1786 730 1843 (de
760 1789 981 1844 tempore).
1029 1789 1124 1831 321.
1163 1789 1258 1830 344.
1298 1788 1393 1832 348.
1433 1788 1526 1829 350.
1565 1787 1660 1828 404.
1698 1787 1798 1829 405.

252 1854 348 1895 457.
387 1855 482 1895 473.
521 1855 616 1895 477.
655 1856 750 1897 489.
788 1857 882 1897 490.
922 1858 1018 1897 491.
1051 1857 1146 1897 512.
1179 1858 1262 1897 533
1299 1855 1366 1910 (de
1397 1855 1519 1908 loco).
1570 1856 1666 1896 537.
1698 1855 1796 1895 545.

253 1922 349 1965 607.
382 1922 464 1965 685
494 1925 564 1964 11111
595 1939 765 1977 cumque.
816 1923 898 1966 695
928 1929 1037 1975 tunc,
1069 1926 1136 1965 ibi.
1190 1924 1282 1965 759.
1317 1923 1410 1964 762.
1444 1922 1538 1964 764.
1572 1923 1665 1964 765.
1700 1922 1795 1964 766.

255 1992 336 2033 763
377 1994 444 2033 ubi
488 2007 650 2045 cumque
680 2017 735 2023 -
765 1995 832 2034 ibi.
884 1992 977 2035 783.
1018 1993 1111 2035 790.
1152 1992 1246 2034 795.
1292 1992 1386 2035 797.
1429 1991 1524 2032 828.
1563 1991 1658 2033 840.
1698 1991 1798 2033 849.

252 2060 348 2102 850.
380 2060 477 2101 851.
509 2060 604 2101 852.
637 2060 732 2101 853.

367 2139 603 2195 ubicumque
631 2139 712 2181 inc.
742 2139 821 2181 inc.
852 2142 959 2193 trag.
991 2141 1045 2181 92
1077 2142 1308 2192 ubicumque
1338 2145 1407 2180 est.
1439 2164 1495 2170 —
1526 2138 1658 2180 ubivis
1689 2137 1797 2180 Acc.

252 2208 347 2250 434.
379 2207 524 2264 ubique
553 2205 704 2249 Afran.
736 2208 830 2249 398.

367 2287 425 2329 ibi
455 2286 562 2330 Acc.
584 2288 666 2329 585
699 2287 805 2343 (bis).
847 2286 949 2329 Pac.
973 2289 1038 2329 99.
1069 2288 1149 2329 inc.
1170 2287 1251 2329 inc.
1272 2291 1379 2340 trag.
1406 2288 1469 2328 13.
1501 2285 1653 2340 Pomp.
1685 2285 1797 2329 Bon.

256 2357 349 2400 134.
394 2354 486 2412 Syr.
518 2358 622 2399 sent.
654 2356 739 2398 204
768 2358 826 2397 1111
857 2382 911 2387 -
940 2358 1009 2397 ubi
1037 2376 1078 2391 =
1107 2356 1201 2398 205.

370 2436 474 2479 inibi
503 2435 605 2479 Pac.
636 2437 718 2478 205
760 2438 861 2477 inibi
903 2441 971 2476 est.
1029 2434 1181 2477 Afran.
1214 2435 1296 2476 208
1339 2450 1379 2476 se
1419 2437 1530 2476 videt
1565 2438 1672 2477 Inibi
1714 2451 1800 2477 esse

256 2505 383 2560 (Non.
418 2506 510 2558 124,
542 2506 567 2546 2
588 2518 666 2559 pro
688 2504 747 2546 sic
778 2506 822 2546 et
840 2516 950 2556 111011,
981 2502 1055 2545 sed
1075 2502 1169 2544 vide
1189 2501 1333 2545 Hand.
1359 2501 1484 2544 Turs.
1503 2500 1592 2556 ΠΙ,
1622 2517 1663 2558 p.
1686 2504 1798 2558 382).

368 2586 435 2627 aie
464 2585 567 2628 Pac.
605 2586 671 2627 28.
712 2585 804 2626 118.
858 2583 964 2625 Aac.
998 2584 1090 2625 183.
1123 2584 1218 2626 435.
1256 2584 1351 2625 646.
1407 2583 1570 2638 Turpil.
1603 2584 1669 2625 82.
1704 2584 1799 2624 140.

257 2654 350 2697 170.
386 2654 479 2696 181.
523 2652 649 2696 Titin.
680 2654 747 2695 26.
788 2649 939 2694 Afran.
971 2652 1009 2692 4.
1041 2651 1078 2692 6.
1112 2650 1176 2692 18.
1212 2651 1303 2693 136.
1345 2649 1475 2694 Lusc.
1506 2653 1545 2693 2.
1583 2649 1729 2695 Valer.
1763 2652 1803 2692 1.

253 2720 543 2778 Pomp..Bon.
578 2723 670 2765 147.
704 2720 796 2764 158.
844 2717 998 2763 Labor.
1031 2719 1068 2761 3.

370 2802 479 2846 istic.
513 2801 664 2857 Pomp.
694 2800 803 2845 Bon.
826 2800 880 2843 33
911 2802 1001 2842 istic
1029 2805 1190 2841 manete.
1213 2825 1267 2830 —-
1288 2798 1358 2842 illi
1387 2798 1495 2843 Ace.
1527 2799 1623 2842 486.
1665 2796 1798 2853 Τ111Ῥ.

254 2873 292 2913 9.
325 2897 379 2902 —
411 2869 505 2927 Syr.
536 2875 642 2914 sent.
674 2872 756 2913 818
786 2872 869 2911 11110
898 2894 953 2899 --
984 2870 1147 2922 quando.
