2080 3480
242 1330 363 1394 Obfit
391 1353 614 1403 Numbuxgi
645 1367 677 1392 a.
709 1354 746 1391 d.
776 1352 998 1392 V111.Ka1.
1029 1353 1142 1392 Mart.
1174 1353 1458 1393 Fridericus
1490 1354 1681 1394 611161-

125 1426 223 1451 mus
244 1412 426 1450 Holtze.
477 1411 590 1458 Quod
616 1411 686 1450 ubi
714 1411 861 1458 audivi,
888 1411 1019 1450 nescio
1039 1426 1116 1463 quo
1136 1412 1252 1450 modo
1272 1412 1536 1451 Horatianum
1562 1413 1681 1452 illud:

127 1470 287 1519 „Multis
326 1470 396 1507 ille
432 1470 548 1508 bonis
583 1469 729 1508 flebilis
767 1469 934 1508 occidit“
964 1469 1006 1507 in
1034 1473 1203 1508 mentem
1232 1470 1350 1509 venit.
1409 1470 1491 1509 Nec
1520 1471 1681 1519 mirum;

126 1542 217 1566 nam
246 1527 471 1566 recordanti
500 1526 600 1565 mihi
629 1526 731 1565 illud
760 1529 929 1579 tempus,
961 1541 1048 1565 cum
1078 1530 1169 1566 ante
1198 1527 1268 1566 hos
1297 1528 1386 1579 plus
1416 1528 1682 1579 quadraginta

126 1599 249 1624 annos
279 1585 329 1624 ab
350 1598 395 1623 eo
415 1584 555 1636 primis
583 1585 775 1624 bonarum
805 1585 951 1624 artium
981 1585 1182 1623 elementis
1211 1586 1419 1623 institutus
1449 1599 1544 1635 sum,
1573 1587 1681 1625 ultro

126 1644 315 1692 omnium,
354 1643 422 1693 qui
461 1646 501 1681 et
531 1646 647 1682 antea
683 1646 723 1681 et
751 1645 889 1694 postea
918 1643 958 1681 in
991 1643 1125 1681 eodem
1156 1656 1232 1694 quo
1269 1644 1354 1694 ipse
1389 1644 1475 1681 loco
1512 1644 1682 1693 fuerunt,

124 1702 311 1740 memoria
347 1700 519 1740 excitata
555 1704 624 1740 est.
685 1700 761 1748 Qui
798 1701 832 1740 si
867 1714 946 1739 non
975 1701 1104 1739 minus
1141 1715 1258 1753 quam
1288 1714 1361 1751 ego
1397 1701 1434 1739 ei
1463 1701 1613 1751 gratias
1643 1706 1684 1740 et

123 1758 346 1799 habuerunt
375 1761 415 1798 et
444 1762 626 1809 egerunt,
664 1759 732 1810 qui
769 1759 928 1798 tandem
957 1772 1100 1810 magno
1131 1773 1218 1798 cum
1246 1760 1437 1798 bonorum
1466 1760 1577 1797 luctu
1605 1773 1684 1797 non

127 1816 296 1856 occidit?
353 1817 500 1856 Verum
530 1817 573 1855 in
611 1817 685 1855 hoc
714 1817 819 1868 ipso,
857 1831 944 1855 cum
973 1821 1213 1869 reputarem,
1250 1831 1434 1868 magnum
1465 1818 1592 1856 inesse
1621 1832 1681 1856 so-

125 1875 265 1914 latium
285 1874 381 1925 vidi,
411 1875 513 1913 nulli
539 1875 655 1924 enim,
684 1878 730 1913 ut
750 1875 886 1913 Cicero
914 1875 1102 1914 Catonem
1123 1876 1316 1914 dicentem
1346 1876 1460 1924 facit,
1489 1875 1682 1914 bonarum

125 1933 271 1972 artium
306 1932 488 1983 magistri
523 1947 603 1972 non
638 1933 747 1971 beati
784 1934 952 1984 putandi
988 1938 1095 1982 sunt,
1138 1947 1255 1984 quam
1291 1933 1416 1972 vitam
1452 1933 1610 1972 beatam
1647 1935 1681 1972 si

124 1991 305 2042 cuiquam
341 1991 405 2029 illi
441 1990 630 2041 obtigisse
666 1991 898 2029 censendum
929 1995 998 2029 est.
1058 1992 1216 2029 Etenim
1251 2004 1300 2029 ne
1335 1994 1530 2041 repetam,
1574 1992 1681 2042 quod

123 2049 239 2087 modo
270 2049 502 2099 significavi,
533 2052 722 2100 quantum
741 2049 958 2099 voluptatis
987 2049 1138 2099 percipi
1167 2052 1301 2099 posset
1330 2062 1378 2086 ex
1398 2049 1680 2088 consuetudine

123 2107 428 2145 adolescentium
461 2107 699 2158 optimarum
734 2110 879 2145 artium
914 2106 1196 2156 studiosorum,
1238 2119 1405 2157 quorum
1442 2110 1482 2145 et
1518 2107 1680 2157 ingenia

122 2165 250 2203 literis
287 2165 499 2203 excolenda
538 2168 577 2203 et
612 2165 735 2203 animi
765 2164 816 2203 ad
853 2164 1044 2216 optimum
1080 2168 1120 2203 et
1149 2164 1458 2216 pulcherrimum
1496 2165 1678 2217 quodque

121 2221 356 2260 instituendi
386 2226 531 2271 essent,
563 2246 618 2251 —-
648 2222 691 2261 id
727 2222 830 2261 enim
861 2221 1040 2261 omnibus
1076 2223 1268 2261 bonarum
1298 2223 1445 2261 artium
1474 2224 1677 2273 magistris

123 2292 323 2317 commune
353 2283 413 2318 est
432 2302 488 2307 —
509 2280 578 2318 sed
607 2280 669 2317 illi
698 2284 856 2331 praeter
885 2280 1189 2318 innumerabiles
1210 2280 1390 2329 contigit,
1421 2280 1490 2318 vix
1519 2284 1565 2318 ut
1593 2281 1677 2319 ulla

121 2336 325 2374 literarum
345 2350 437 2388 pars
457 2340 569 2385 esset,
600 2350 648 2374 ex
667 2350 745 2387 qua
764 2351 843 2374 non
871 2338 1079 2388 privatam,
1108 2341 1154 2375 ut
1182 2338 1243 2375 ita
1261 2337 1401 2385 dicam,
1430 2338 1676 2388 voluptatem

122 2398 280 2446 praeter
309 2394 507 2446 publicam
536 2394 657 2443 illam,
688 2408 787 2445 quae
807 2409 856 2432 ex
886 2395 973 2445 ipsa
1002 2395 1134 2433 schola
1163 2394 1411 2442 redundaret,
1441 2394 1674 2445 perciperet.

120 2453 175 2491 Ut
204 2467 283 2491 non
312 2466 622 2501 commemorem,
665 2455 854 2503 quantum
889 2452 959 2491 ille
989 2465 1129 2503 operae
1166 2455 1207 2491 et
1242 2451 1392 2491 laboris
1422 2452 1676 2492 collocaverit

121 2511 164 2549 in
192 2510 508 2563 pervestigandis
537 2509 795 2562 scriptoribus
825 2509 962 2549 latinis
992 2533 1048 2538 --
1076 2513 1172 2548 nota
1201 2513 1293 2548 sunt
1322 2523 1457 2561 opera,
1496 2524 1597 2561 quae
1627 2524 1675 2549 ex

122 2582 166 2607 eo
203 2570 335 2608 studio
371 2569 522 2621 publici
562 2568 660 2607 iuris
698 2568 807 2616 fecit,
850 2571 889 2606 et
926 2571 1152 2607 enumerata
1187 2567 1230 2606 in
1265 2568 1403 2607 libello
1440 2568 1675 2607 scholastico

121 2628 319 2678 gymnasii
337 2626 646 2678 Numburgensis
667 2641 700 2666 a.
733 2627 840 2665 1881
865 2649 919 2654 --
938 2626 1035 2664 haec
1064 2625 1190 2676 igitur
1211 2629 1259 2665 ut
1278 2626 1471 2676 omittam,
1500 2626 1675 2665 nondum

119 2684 163 2723 in
191 2685 319 2724 lucem
349 2685 457 2725 edita
476 2685 582 2724 domi
610 2685 713 2724 iacet
731 2683 907 2735 syntaxis
926 2683 1106 2732 Liviana,
1134 2684 1237 2722 liber
1256 2685 1354 2723 satis
1372 2697 1541 2735 magnae
1559 2685 1676 2723 molis

122 2746 162 2781 et
190 2742 364 2793 ingentis
402 2743 664 2792 assiduitatis,
706 2742 748 2780 in
777 2755 854 2793 quo
883 2742 1026 2779 multos
1056 2755 1178 2779 annos
1208 2742 1435 2792 desudavit,
1477 2756 1581 2780 nunc
1609 2743 1675 2781 hic

118 2800 278 2839 libellus
299 2801 392 2850 exit,
421 2802 573 2852 pariter
592 2815 637 2839 ac
657 2800 867 2839 Livianum
886 2799 987 2837 illud
1005 2813 1102 2849 opus
1123 2799 1173 2838 ab
1193 2803 1353 2838 auctore
1373 2799 1426 2839 ad
1443 2799 1674 2839 umbilicum

119 2858 321 2897 adductus.
381 2858 467 2897 Iam
502 2859 538 2900 si
567 2855 663 2898 haec
699 2861 740 2897 et
774 2857 874 2897 talia
902 2856 1092 2909 perficere
1121 2870 1201 2895 11011
1236 2857 1411 2897 cuiusvis
1441 2861 1519 2907 est,
1549 2857 1674 2909 quid?

118 2929 247 2955 nonne
276 2916 511 2956 admirabile
547 2931 592 2956 ac
621 2930 745 2969 paene
774 2916 952 2955 divinum
980 2914 1155 2964 videtur,
1187 2915 1294 2966 quod
1322 2929 1373 2954 ne
1402 2930 1427 2954 a
1454 2915 1672 2955 levioribus

118 2973 277 3025 quidem
318 2975 462 3014 studiis
498 2974 651 3014 animus
693 2974 775 3013 eius
817 2972 1077 3013 abhorrebat?
1135 2973 1234 3010 Erat
1273 2974 1380 3011 haud
1420 2973 1674 3011 mediocriter

117 3031 269 3083 peritus
298 3033 358 3071 rei
377 3033 548 3072 musicae
579 3033 622 3072 et
641 3032 904 3073 clavichordio
924 3030 1096 3071 canendo
1127 3031 1281 3081 artifex,
1312 3031 1418 3070 idem
1447 3032 1488 3070 in
1519 3031 1671 3070 latrun-
