2080 3480
860 204 1148 246 -75—

222 321 351 361 unico.
388 317 562 363 -Afram
593 321 646 363 41
681 334 793 362 caeco
825 334 870 360 ac
900 321 1083 359 dementi.
1108 342 1112 343 ν
1144 318 1195 359 61
1230 320 1413 371 Vigilans
1444 334 1489 360 ac
1518 322 1666 361 sollers.
1721 321 1776 363 87

225 389 349 438 Quam
364 391 483 431 'lente
511 395 659 431 tractat
687 404 750 430 me
779 394 899 441 atque
927 388 1092 428 inludit!
1143 387 1223 429 192
1254 403 1295 428 se
1324 403 1369 428 ac
1398 403 1498 430 suos.
1540 388 1623 430 202
1653 391 1779 431 Multa

225 471 270 499 ac
299 460 464 500 molesta
501 466 553 500 es.
612 457 698 499 220
729 458 892 498 adorate
928 472 974 497 ac
1011 457 1171 497 saniter.
1231 455 1315 498 256
1344 458 1437 497 novi
1468 459 1632 498 amicum
1661 464 1780 512 atque

224 530 428 581 aequalem
463 542 602 568 meum.
663 526 747 568 312
784 537 948 567 numero
991 541 1036 566 ac
1070 527 1318 579 nequiquam.
1379 526 1463 567 314
1500 528 1625 567 Domo
1662 532 1779 580 atque

223 601 360 639 nostra
388 582 551 638 familia.
594 594 679 637 368
709 610 846 636 verum
876 596 1042 635 amicum
1071 597 1275 651 aequalem
1306 600 1425 649 atque
1453 589 1647 649 ho’spitem
1672 597 1778 637 Coti·

225 668 388 708 dianum
418 670 458 706 et
486 666 639 705 lautum
669 666 884 706 convivam.
942 661 1096 718 Pomp.
1126 661 1237 707 Bon.
1270 664 1296 706 2
1327 667 1498 718 adpareo
1527 670 1644 718 atque
1671 667 1778 706 aedi·

224 740 357 775 tumor
387 735 467 774 etc.
528 732 584 773 54
613 735 756 773 munde
785 738 904 785 atque
934 735 1128 793 ampliter.
1168 732 1265 792 ,100
1294 735 1553 774 manducatur
1582 749 1626 774 ac
1654 736 1778 774 molit.

226 802 279 844 97
311 803 399 855 igni
434 807 553 855 atque
590 817 701 855 aqua.
759 799 916 844 Laber.
949 800 1004 842 42
1034 803 1257 843 Licentiam
1288 817 1333 843 ac
1362 803 1577 843 libidinem.
1636 801 1779 844 Anon.

226 869 341 913 mim.
371 868 449 912 IX
477 872 669 924 perscribi
704 875 823 924 atque
858 872 1031 923 depingi.
1091 869 1134 924 b)
1152 864 1289 924 ‘aeque
1326 886 1370 912 ae
1399 870 1506 914 Ace.
1537 874 1671 925 praet.
1704 871 1778 922 323

224 938 379 983 Afran.
410 939 494 982 262
530 941 666 993 Aeque
696 964 752 970 —-
782 955 837 981 ac.
895 936 1053 981 Laber.
1095 939 1176 981 113
1214 956 1335 993 aeque
1372 947 1499 994 atque.
1559 938 1664 982 Aac.
1695 940 1795 983 449.

226 1011 343 1050 simul
374 1025 428 1050 ac.
489 1005 582 1063 Syr.
614 1010 720 1050 sent.
751 1008 833 1049 811
865 1013 949 1049 tam
979 1033 1035 1037 —
1065 1014 1194 1060 atque.

344 1101 411 1142 65.
464 1100 599 1141 etiam.
668 1098 820 1153 Pomp.
857 1096 968 1140 Bon.
1001 1099 1056 1140 60
1093 1102 1225 1140 Etiam
1260 1116 1372 1140 nunc.
1431 1098 1532 1142 Pac.
1564 1100 1646 1141 357
1684 1102 1780 1152 quin

229 1172 361 1211 etiam.
420 1168 504 1211 277
535 1170 578 1209 111
609 1170 728 1210 etiam
757 1169 861 1209 hunc
891 1193 945 1197 —
978 1169 1170 1221 adiungas
1201 1171 1422 1210 cruciatum.
1474 1167 1579 1211 Aeo.
1611 1168 1694 1211 352
1723 1170 1778 1209 Ut

228 1240 347 1280 etiam
386 1253 572 1278 aerumna
607 1239 703 1277 haec
733 1261 789 1266 ——
819 1238 969 1276 luctum
999 1238 1121 1277 addit.
1182 1237 1265 1279 498
1295 1245 1450 1291 praesto
1482 1240 1600 1278 etiam
1629 1239 1778 1278 adsum.

228 1305 391 1361 Tiffpil.
422 1306 490 1348 35.
524 1304 619 1347 127.
654 1304 735 1347 170
755 1307 929 1346 11011ᾶ11111
959 1307 1088 1347 etiam.
1142 1306 1233 1348 176.
1276 1304 1403 1349 Titin.
1425 1306 1491 1349 40.
1515 1306 1579 1348 71.
1621 1304 1776 1348 Afran.

228 1376 296 1419 28.
342 1375 436 1417 154.
480 1374 576 1416 200.
635 1371 743 1416 NOV.
782 1374 819 1416 3.
878 1372 1003 1416 Publ.
1048 1370 1140 1430 Syr.
1185 1375 1220 1417 7.
1279 1374 1434 1418 Laber.
1472 1377 1497 1418 3
1541 1378 1660 1420 etiam
1700 1377 1774 1415 hic.

227 1443 380 1487 Afran.
401 1444 487 1486 424
507 1446 640 1485 Etiam
671 1445 878 1496 quicquam
909 1433 1186 1498 egistiP'Syr.
1219 1449 1321 1487 sent.
1354 1446 1420 1487 59.
1454 1445 1518 1487 72.
1553 1445 1645 1486 129.
1681 1444 1776 1485 138.

231 1513 325 1556 139.
367 1513 460 1555 140.
502 1512 595 1553 141.
637 1510 730 1552 142.
771 1511 863 1553 143.
905 1511 996 1553 144.
1038 1512 1131 1554 155.
1173 1513 1265 1555 180.
1301 1514 1391 1556 190.
1423 1514 1519 1556 207.
1551 1513 1646 1554 210.
1678 1511 1776 1553 241.

230 1582 326 1624 250.
364 1582 460 1623 256.
499 1580 594 1622 279.
633 1580 730 1621 371.
769 1580 864 1621 379.
903 1580 998 1621 384.
1039 1581 1134 1623 388.
1172 1582 1267 1623 474.
1299 1582 1394 1624 566.
1426 1583 1522 1624 584.
1553 1581 1647 1623 585.
1680 1580 1777 1622 627.

232 1650 327 1693 719.
357 1649 453 1692 836.
484 1674 540 1679 —-
571 1660 725 1704 quoque
760 1659 846 1689 uno
882 1646 979 1691 loco
1016 1647 1227 1691 invenitur
1262 1648 1364 1693 Pac.
1397 1649 1479 1706 259
1517 1652 1578 1691 Tu
1614 1663 1777 1702 quoque.

347 1742 413 1784 66.
464 1737 795 1783 Coniunctiones
826 1737 1128 1781 adversativae.
1168 1738 1270 1782 Pae.
1303 1741 1385 1782 372
1416 1753 1478 1795 sq.
1508 1742 1608 1782 Sunt
1628 1765 1683 1770 —
1704 1741 1775 1780 alii

230 1812 472 1865 philosophi,
514 1810 582 1861 qui
610 1809 826 1847 Fortunam
861 1813 1008 1858 negant
1036 1810 1132 1848 Esse
1169 1811 1306 1858 ullam,
1349 1811 1417 1849 sed
1453 1811 1675 1849 temeritate
1712 1822 1775 1847 res

231 1882 319 1933 regi
360 1879 484 1920 omnis
526 1879 740 1917 autumant.
804 1872 954 1929 Pomp.
990 1872 1099 1917 Bon.
1138 1875 1192 1917 39
1233 1891 1312 1917 non
1352 1878 1468 1917 multi
1509 1878 1663 1927 temeti,
1706 1876 1775 1916 sed

232 1950 405 2003 plurimi.
469 1945 548 1988 inc.
584 1943 665 1985 inc.
701 1945 808 1997 trag.
847 1943 931 1984 254
972 1945 1069 1984 Pars
1112 1946 1288 1985 difflatur
1328 1952 1464 1995 vento,
1504 1960 1596 1998 pars
1639 1947 1774 1984 autem

233 2018 446 2070 obrigescit
485 2016 642 2067 frigore.
702 2008 863 2066 Turpil.
905 2011 982 2053 101
1027 2014 1102 2053 1116
1143 2015 1315 2055 insolens
1357 2016 1491 2055 autem
1531 2019 1578 2054 ut
1618 2013 1775 2054 fastidit

233 2088 422 2130 carnifex!
448 2109 500 2115 —
521 2086 565 2123 at
594 2080 674 2123 inc.
704 2078 785 2122 inc.
814 2083 923 2135 trag.
957 2080 1038 2123 162
1068 2084 1204 2123 Miseri
1233 2088 1325 2124 sunt
1353 2085 1422 2136 qui
1450 2098 1591 2124 uxores
1617 2084 1776 2122 ducunt.

234 2181 289 2189 —
319 2155 375 2196 Ab
410 2159 457 2194 tu
492 2152 642 2193 duxisti
678 2151 851 2199 alteram.
908 2147 1021 2191 Atta
1050 2150 1077 2190 4
1114 2156 1232 2204 atque
1267 2154 1325 2192 ita
1360 2154 1614 2203 muginantur
1647 2152 1778 2200 hodie,

235 2228 280 2266 αὐ
309 2239 381 2277 ego
410 2225 489 2264 iam
520 2221 714 2261 occlusero
743 2218 918 2257 Fontem.
979 2214 1073 2272 Syr.
1104 2222 1209 2261 sent.
1242 2219 1294 2261 77
1326 2222 1471 2261 bonum
1501 2220 1775 2274 suppremitur,

235 2296 280 2335 ab
314 2280 559 2346 nequaquam
595 2280 850 2337 extinguitur.
912 2284 993 2326 148
1031 2289 1205 2328 exeritur
1243 2303 1359 2342 opere
1392 2290 1587 2341 nequitia,
1624 2289 1666 2327 at
1698 2301 1778 2327 non

234 2364 387 2417 incipit.
427 2358 482 2402 In
501 2351 679 2412 apodosi
696 2350 803 2395 Ace.
826 2352 908 2395 619
941 2366 1001 2408 sq.
1033 2357 1068 2396 si
1088 2380 1144 2386 ——
1163 2372 1327 2409 regnum
1345 2358 1520 2400 Fortuna
1540 2380 1595 2385 —
1614 2357 1779 2410 Eripere

216 2433 375 2487 quivit,
407 2432 451 2471 ab
480 2430 667 2471 virtutem
695 2436 766 2462 nec
795 2422 907 2474 quiit.
938 2447 994 2452 —
1025 2427 1090 2464 aab
1119 2422 1225 2467 Ace.
1256 2425 1352 2467 260.
1394 2438 1527 2466 verum
1559 2422 1721 2480 Tui-pil.
1752 2424 1779 2465 9

236 2504 302 2545 Ita
338 2512 475 2542 verum
509 2498 607 2539 haut
643 2491 796 2534 facilest
830 2492 964 2532 venire
1000 2493 1064 2533 illi
1088 2495 1170 2555 ‘ubi
1205 2496 1322 2537 sitast
1357 2495 1562 2551 sapientia.
1627 2490 1780 2548 Pomp.

235 2567 347 2614 Bon.
380 2569 446 2612 76.
506 2563 634 2610 Titin.
667 2560 721 2603 70
757 2574 892 2601 verum
929 2563 1043 2602 enim.
1074 2587 1129 2592 —
1161 2566 1295 2604 tamen
1324 2562 1431 2606 Acc.
1463 2563 1558 2606 330.
1618 2559 1781 2617 Turpil.

240 2640 334 2682 159.
392 2637 500 2681 Ace.
540 2635 607 2677 88.
664 2627 767 2672 Pac·
808 2627 884 2669 101
925 2631 1059 2671 inveni
1096 2657 1150 2662 —
1191 2634 1347 2674 Orestes
1381 2638 1470 2673 uter
1506 2638 1607 2673 esset
1641 2637 1779 2672 tamen.

237 2709 334 2752 293.
383 2705 537 2750 Afran.
569 2703 664 2745 319.
696 2696 791 2740 346.
849 2693 959 2740 NOV.
990 2699 1044 2741 43
1077 2702 1178 2749 Quia
1207 2704 1383 2756 supellex
1411 2703 1547 2750 multa,
1576 2714 1673 2752 quae
1701 2712 1780 2737 non

235 2768 375 2830 utitur,
406 2778 550 2818 emitur
579 2779 719 2815 tamen.
767 2760 870 2807 Pac.
901 2766 956 2809 46
988 2770 1170 2824 [Tamen]
1202 2773 1288 2813 etsi.
1338 2767 1464 2812 Titin.
1498 2768 1577 2809 119
1606 2767 1693 2807 Etsi
1722 2788 1777 2795 —-

235 2852 368 2889 tamen
393 2865 436 2883 =
466 2843 569 2888 Pac.
599 2842 752 2886 206—
711 2862 752 2878 =
780 2840 888 2887 Ace.
918 2840 1003 2883 234
1031 2858 1073 2875 =
1100 2835 1194 2895 Syr.
1226 2841 1330 2881 sent.
1362 2837 1456 2880 634.
1512 2833 1662 2877 Afran.
1696 2832 1779 2875 124
