2080 3480
899 272 1186 313 -19ἡ

269 384 430 440 Turpil.
461 387 514 428 57
547 389 719 436 Quacum
747 412 801 418 —-
828 389 1038 428 vivendum
1065 393 1166 428 esset
1194 389 1281 428 tibi.
1342 384 1471 428 Titin.
1494 387 1549 429 56
1580 388 1695 427 nobis
1726 389 1821 427 faci-

267 458 415 496 undum
451 462 510 497 est
545 459 612 497 ita.
677 457 756 498 169
795 459 828 497 si
865 458 941 497 erit
977 458 1054 497 tibi
1091 458 1346 497 Cantandum.
1405 455 1557 498 Afran.
1590 456 1672 497 361
1705 457 1821 497 Anti-

268 527 398 578 quitas
438 528 608 580 petenda
637 551 692 557 —
724 533 783 567 est
823 529 930 568 mihi.
990 524 1146 568 Laber.
1189 527 1268 568 112
1310 529 1409 567 mihi
1452 543 1569 579 quam
1610 528 1822 567 vivendum

267 596 355 635 fuit.
416 592 508 649 Syr.
540 597 645 636 sent.
677 595 761 636 540
792 599 883 648 quoi
913 598 1010 649 quid
1038 598 1317 637 vindicandum
1347 602 1416 646 est,
1448 598 1572 636 omnis
1603 597 1754 648 optima
1785 596 1822 634 ei

269 666 420 705 occasio
451 669 520 704 est.
582 663 663 705 758
695 666 918 705 discendum
949 671 1008 706 est
1037 667 1196 706 homini.
1478 715 1480 717 ι
1851 652 1855 655 ’

384 732 450 772 28.
480 728 667 784 Duplex‘
684 731 859 773 dativus.
918 731 1008 774 Inc.
1038 732 1118 773 inc.
1149 736 1257 785 trag.
1286 733 1367 773 207
1402 746 1462 785 sq.
1514 735 1663 781 Quibus
1692 735 1822 784 magis

269 802 468 853 palaestra
504 824 558 829 —-
596 802 728 842 studio
766 807 833 842 est.
891 799 998 843 Ace.
1029 804 1164 855 praet.
1196 802 1248 843 41
1290 804 1380 842 odio
1411 817 1455 842 ac
1493 803 1600 842 senio
1635 803 1689 841 mi
1725 803 1821 841 haec

270 875 362 909 sunt
390 871 564 921 nuptiae.
624 869 678 910 59
711 871 885 910 Consilia
912 877 1048 911 nostra
1076 872 1250 911 dividiae
1276 873 1353 909 tibi
1375 894 1429 899 ——
1450 872 1539 909 Non
1567 872 1661 909 fore.
1712 867 1820 909 Tur-

268 934 341 991 pil.
366 936 446 978 116
479 938 551 978 Cui
578 952 650 990 ego
678 939 752 979 sim
779 954 903 980 curae.
961 937 1115 980 Afran.
1138 938 1221 980 329
1251 941 1392 992 quibus
1413 940 1522 979 cordi
1544 944 1612 979 est.
1672 935 1822 991 Pomp.

270 1004 377 1047 Bon.
414 1006 494 1048 103
526 1019 586 1060 sq.
616 1009 813 1060 voluptati
843 1010 918 1049 sies
947 1010 1053 1049 Ibus.

388 1075 455 1117 29.
486 1073 669 1117 Dativus
691 1075 940 1129 quantitatis
963 1076 1000 1118 is
1025 1080 1100 1129 est,
1133 1075 1206 1130 qui
1232 1075 1404 1117 additur
1423 1075 1561 1117 verbis
1584 1089 1680 1117 cum
1699 1088 1822 1129 prae-

274 1143 553 1197 positionibus
603 1143 745 1186 locum
794 1143 1127 1198 significantibus
1178 1144 1411 1186 coniunctis
1464 1144 1531 1186 vel
1580 1143 1823 1187 notionibus

272 1212 543 1267 aequalitatis
586 1216 629 1254 et
668 1212 996 1266 inaequalitatis.
1067 1213 1169 1255 Pac.
1216 1215 1267 1254 14
1315 1216 1432 1254 Nocti
1480 1217 1523 1253 ni
1572 1216 1823 1254 interveniat.

276 1282 356 1323 188
394 1284 699 1322 concorditatem
734 1284 908 1334 hospitio
947 1284 1179 1322 adiunctam.
1241 1285 1321 1322 286
1365 1284 1534 1322 inimicis
1576 1289 1741 1322 mortem
1784 1288 1825 1321 et

271 1353 364 1392 huic
404 1352 529 1392 vitam
570 1352 734 1391 adferas.
799 1348 907 1392 Ace.
941 1351 990 1391 11
1033 1354 1121 1391 vela
1162 1357 1366 1391 ventorum
1408 1354 1559 1391 animae
1601 1354 1824 1391 immittere.

279 1419 358 1460 117
390 1422 471 1459 leto
508 1420 656 1459 offeres.
719 1418 798 1459 147
837 1421 932 1473 quid
962 1424 1037 1470 est,
1069 1435 1137 1460 cur
1166 1434 1392 1472 componere
1423 1421 1526 1460 ausis
1557 1418 1657 1460 mihi
1685 1424 1725 1460 te
1756 1427 1827 1461 aut

273 1503 335 1528 me
365 1486 473 1528 tibi?
524 1487 608 1528 256
647 1490 810 1528 exuvias
839 1490 950 1529 laevo
981 1513 1036 1519 —
1066 1490 1182 1527 lateri
1213 1490 1513 1528 accommodant.
1575 1488 1658 1528 386
1690 1490 1826 1528 Custo-

275 1558 364 1596 dem
399 1580 455 1587 —-
494 1558 584 1596 Ioni
613 1557 799 1608 adposuit
835 1557 993 1607 virgini.
1054 1556 1137 1597 416
1175 1558 1304 1596 frenos
1334 1557 1550 1595 immittens
1580 1558 1684 1596 feris.
1745 1556 1826 1596 427

276 1627 383 1666 hosti
418 1641 479 1665 me
515 1626 688 1665 animato
728 1626 912 1665 offeram?
962 1625 1045 1666 455
1082 1627 1285 1666 vastitudo
1316 1649 1370 1655 -—
1400 1627 1548 1665 invasit
1577 1627 1686 1664 mihi.
1746 1625 1829 1666 502

276 1700 322 1734 ut
353 1708 474 1733 essem
504 1695 644 1732 adfinis
679 1695 767 1733 tibi.
828 1693 912 1734 510
943 1696 1137 1734 ominibus
1174 1695 1314 1734 faustis
1344 1717 1399 1723 —
1430 1695 1643 1733 adhibeant
1678 1695 1827 1734 Faven-

278 1764 386 1804 tiam.
448 1761 531 1803 686
562 1763 673 1802 frena
709 1786 752 1792 —
790 1764 850 1802 ori
881 1778 1067 1815 equorum
1105 1764 1407 1803 accommodant.
1466 1760 1675 1814 Pompon.
1709 1762 1734 1802 9
1767 1775 1827 1814 sq.

278 1833 420 1883 quibus
456 1832 633 1869 Adsonet
670 1855 725 1859 ——
763 1845 907 1870 nemus.
976 1828 1068 1870 Ino.
1105 1829 1185 1870 inc.
1222 1833 1329 1882 trag.
1368 1831 1422 1870 53
1462 1833 1636 1882 mihique
1672 1832 1826 1869 adiudi-

279 1901 414 1940 carier.
475 1896 636 1951 Turpfl.
669 1899 721 1939 89
754 1914 794 1939 se
831 1901 978 1951 optulit
1014 1901 1079 1938 mi.
1139 1897 1249 1938 Pall.
1279 1897 1359 1938 1110.
1391 1897 1471 1938 inc.
1505 1898 1558 1938 59
1590 1913 1650 1937 me
1679 1914 1828 1951 poenae

281 1984 443 2022 oppone.
505 1968 558 2008 66
590 1969 763 2007 clitellae
793 1969 887 2008 bovi
917 1967 1017 2007 Sunt
1049 1968 1266 2020 impositae.
1327 1964 1454 2007 Titin.
1489 1966 1538 2006 11
1572 1968 1826 2007 ambitionem

278 2039 421 2078 virtuti
457 2038 591 2077 videas
628 2038 865 2076 antecedere.
925 2035 979 2076 33
1016 2037 1114 2075 mihi
1150 2037 1367 2075 subvenias.
1426 2033 1577 2076 Afran.
1613 2034 1694 2076 152
1730 2037 1830 2076 Mihi

278 2107 535 2159 supponebas.
594 2103 746 2158 Pomp.
776 2102 885 2147 Bon.
919 2104 999 2145 125
1036 2106 1193 2145 obviam
1223 2106 1394 2144 occurrit
1422 2106 1530 2143 mihi.
1594 2104 1673 2144 177
1706 2106 1761 2144 eis
1790 2111 1831 2145 te

279 2176 460 2215 obiectes.
519 2171 628 2215 Nov.
660 2173 715 2215 20
745 2175 914 2214 Puerum
942 2174 1100 2213 mulieri
1129 2165 1340 2226 praestare.
1402 2169 1500 2227 Syri
1530 2175 1635 2214 sent.
1657 2173 1712 2214 63
1741 2189 1829 2226 pec-

280 2246 386 2284 canti
417 2268 471 2272 —
502 2244 776 2283 accommodas.
840 2242 920 2283 199
958 2243 1176 2282 succumbit
1211 2244 1387 2294 tempori.
1449 2242 1533 2281 570
1570 2244 1831 2281 conscientiae

278 2314 412 2367 potius
442 2327 558 2364 quam
593 2313 720 2351 famae
756 2312 981 2351 attenderis.
1043 2310 1123 2351 671
1161 2312 1262 2350 nulli
1297 2312 1481 2362 impones.
1541 2309 1625 2351 692
1661 2312 1832 2350 iniuriae

282 2383 538 2422 succumbere.
610 2379 692 2420 829
736 2381 865 2419 frenos
906 2381 1049 2431 inpone
1087 2381 1256 2430 linguae.
1315 2377 1421 2418 Aoo.
1464 2377 1544 2418 156
1587 2379 1742 2418 Virtuti
1778 2380 1832 2418 sis

281 2467 365 2505 par,
396 2452 531 2504 dispar
560 2450 729 2490 fortunis
764 2450 901 2501 patris.
961 2447 1043 2488 407
1077 2449 1331 2499 aequiperent
1366 2448 1464 2486 Iovi.
1526 2446 1606 2487 561
1647 2449 1682 2486 si
1717 2449 1834 2499 inpar

284 2534 389 2560 esses
418 2521 505 2559 tibi.
563 2515 714 2558 Afran.
739 2516 793 2557 29
824 2517 1010 2556 Terentio
1038 2539 1092 2546 -—
1122 2517 1299 2554 similem.
1361 2510 1454 2568 Syr.
1480 2517 1586 2555 sent.
1618 2514 1702 2555 340
1732 2517 1835 2555 nulli

283 2591 439 2631 facilius
469 2604 585 2641 quam
614 2589 717 2628 malo
747 2587 922 2628 invenies
951 2599 1095 2637 parem.
1156 2584 1238 2625 356
1269 2599 1342 2636 par
1371 2586 1551 2636 imperio.

402 2656 468 2699 30.
500 2650 735 2698 Genetivus
764 2651 1000 2708 partitivuS.
1059 2650 1161 2693 Pac.
1194 2651 1248 2692 62
1278 2656 1499 2692 vestrorum
1529 2657 1629 2692 uter.
1691 2651 1744 2693 76
1775 2654 1833 2692 in-

285 2733 393 2768 terea
422 2728 509 2767 loci.
574 2726 654 2767 133
687 2726 872 2778 quidnam
902 2727 1032 2763 autem
1060 2723 1133 2761 hoc
1163 2723 1284 2761 soniti
1310 2726 1380 2760 est.
1444 2720 1526 2761 194
1546 2723 1746 2773 hospitum
1777 2724 1835 2760 in-

284 2797 476 2837 fidissimi.
536 2793 643 2836 Ace.
678 2793 758 2835 155
789 2793 886 2846 quid
914 2792 1037 2831 subiti
1058 2814 1113 2820 -
1132 2780 1243 2829 malis
1298 2788 1381 2830 325
1402 2791 1595 2842 primores
1622 2804 1835 2843 procerum.

287 2865 368 2907 371
409 2867 557 2906 socium
592 2888 647 2894 -—
686 2865 809 2917 copia.
869 2860 950 2902 491
996 2861 1099 2912 quod
1140 2863 1317 2911 superest
1358 2861 1515 2898 socium.
1577 2858 1660 2899 599
1699 2859 1837 2909 quovis

286 2935 474 2986 gentium.
547 2933 630 2975 628
673 2933 771 2986 quid
812 2932 943 2984 capias
985 2930 1133 2970 consili.
1204 2924 1293 2968 Ino.
1334 2925 1415 2967 inc.
1456 2929 1564 2979 trag.
1601 2926 1685 2967 206
1726 2927 1838 2966 Nihil

1560 2995 1608 3029 2*
