2080 3480
869 187 1157 229 -17ffl

230 307 365 345 donat.
416 303 500 345 375
528 306 681 358 patriae
711 327 767 333 —-
796 305 940 352 utilis..
963 302 1047 345 378
1076 304 1230 356 potenti
1260 304 1378 343 irasci
1408 304 1487 343 sibi
1523 303 1716 355 periclum
1751 305 1792 340 et

230 387 431 426 quaerere.
480 372 563 414 395
599 374 700 413 nulli
736 378 866 425 negat.
916 371 999 413 398
1037 387 1220 413 excusare
1256 374 1334 413 sibi
1370 387 1422 413 se.
1473 370 1557 413 427
1603 372 1674 424 qui
1711 370 1791 410 sibi

231 457 314 482 non
349 444 467 493 vivit,
506 442 596 482 aliis
628 465 682 471 —
712 448 771 482 est
807 447 994 482 mortuus.
1055 441 1135 483 431
1175 444 1244 494 qui
1279 443 1395 481 unius
1434 443 1572 493 culpae
1608 441 1791 491 ignoscit,

232 512 375 552 suadet
402 511 593 564 pluribus.
657 509 740 550 435
771 511 834 550 cui
871 524 1009 551 serves.
1069 510 1153 552 437
1184 512 1429 551 commendat
1465 510 1554 550 sibi.
1615 508 1700 550 447
1730 510 1790 549 rei

234 582 336 620 nulli
365 580 527 633 prodest
555 593 665 618 mora
698 580 776 618 nisi
811 580 1047 620 iracundiae.
1108 579 1192 620 454
1228 568 1411 619 ruborem
1441 580 1566 619 amico
1596 582 1788 619 excutere.

237 648 322 690 466
352 649 430 688 sibi
460 671 516 677 ——
545 648 632 687 fieri
662 649 858 688 iniuriam.
918 647 1001 689 482
1032 647 1118 689 suis
1155 649 1225 701 qui
1253 649 1380 688 nesci-t
1408 639 1578 700 parcere,
1609 646 1789 688 mimicis

234 719 354 757 favet.
414 715 498 755 483
529 717 695 767 suspitio
725 718 802 755 sibi
830 718 917 769 ipsa
943 719 1089 757 rivales
1110 718 1228 769 parit.
1289 716 1373 756 486
1394 718 1504 755 deest
1524 730 1653 755 avaro.
1704 716 1788 756 505

235 785 413 823 Difficile
444 788 504 822 est
533 783 672 822 dolori.
732 783 816 824 524
845 785 981 824 multis
1012 786 1152 836 placet.
1213 782 1297 823 526
1330 797 1435 822 mors
1465 784 1610 822 infanti
1640 784 1789 833 infelix,

239 853 375 893 iuveni
402 852 553 900 acerba,
584 866 669 891 sera
698 853 815 891 nimis
845 854 938 892 seni.
999 851 1080 893 527
1112 857 1266 891 mortuo
1296 866 1436 891 munus
1466 853 1535 903 qui
1564 853 1704 901 mittit,
1733 853 1791 891 nil

239 922 309 960 dat
338 921 412 970 illi,
443 920 583 959 adimit
613 920 700 959 sibi.
760 919 843 961 528
872 922 1009 961 multis
1046 922 1080 960 si
1110 925 1180 960 tua
1209 922 1294 960 vita
1322 921 1490 973 placuit,
1530 921 1607 960 tibi
1636 921 1791 973 placere

237 1004 318 1029 non
346 993 487 1042 potest.
548 987 631 1029 536
662 990 840 1029 omnibus
869 995 995 1029 notus.
1057 988 1139 1030 548
1161 990 1297 1029 amicis
1319 1013 1375 1020 —
1395 991 1496 1029 dees.
1558 988 1641 1030 553
1667 992 1791 1029 amori

237 1059 358 1098 finem
387 1063 540 1110 tempus
562 1081 616 1086 —
637 1059 742 1098 facit.
803 1045 887 1099 564
913 1060 1026 1098 bonis
1052 1063 1178 1108 nocet,
1209 1060 1386 1111 quisquis
1416 1060 1638 1111 pepercerit
1666 1060 1791 1099 malis.

238 1126 325 1167 595
355 1128 514 1166 fortuna
542 1141 685 1177 magna
714 1141 856 1178 magna
885 1128 1042 1166 domino
1078 1131 1138 1166 est
1166 1128 1344 1166 servitus.
1407 1126 1490 1166 608
1521 1128 1671 1179 impera
1700 1128 1789 1167 tibi.

241 1195 329 1236 635*
345 1196 587 1248 praesidium
606 1201 667 1235 est
685 1196 809 1235 bonis.
850 1195 933 1236 668
953 1210 1030 1234 non
1050 1210 1167 1246 quam
1186 1197 1322 1235 multis
1341 1198 1506 1247 placeas,
1526 1197 1595 1235 sed
1607 1198 1790 1247 qualibus

237 1265 364 1302 stude.
430 1262 514 1302 675
551 1264 749 1314 proditori
787 1264 966 1302 credidit.
1035 1262 1116 1302 687
1159 1264 1347 1315 pecuniae
1388 1264 1581 1316 imperare
1623 1267 1792 1317 oportet,

237 1347 320 1371 non
348 1333 506 1372 service.
568 1330 651 1371 708
688 1333 789 1371 nulli
824 1337 948 1371 nocet.
1010 1331 1093 1371 724
1130 1333 1235 1382 quod
1271 1347 1432 1383 cumque
1469 1334 1547 1371 sibi
1582 1334 1795 1384 imperavit

239 1400 405 1439 animus.
466 1398 549 1440 735
579 1400 738 1451 roganti
766 1400 906 1440 melius
933 1413 1049 1452 quam
1076 1400 1287 1453 imperanti
1306 1414 1455 1453 pareas.
1517 1399 1599 1441 738
1629 1401 1792 1441 sanctis-

202 1456 210 1465 *
241 1470 383 1508 simum
413 1474 472 1508 est
500 1470 722 1507 meminisse
751 1470 814 1507 cui
833 1473 874 1507 te
902 1469 1053 1507 debeas.
1116 1468 1197 1508 753
1219 1470 1383 1508 stultum
1403 1470 1599 1520 imperare
1617 1470 1793 1521 reliquis,

241 1537 311 1588 qui
339 1538 466 1576 nescit
495 1537 582 1576 sibi.
645 1534 727 1576 754
754 1538 898 1576 stultus
923 1537 1102 1588 superbis
1121 1538 1274 1576 invidet
1294 1537 1485 1575 felicibus.
1548 1535 1632 1576 770
1651 1538 1794 1576 virtuti

238 1617 412 1645 amorem
441 1618 553 1644 nemo
583 1605 745 1645 honeste
774 1605 953 1656 denegat.
1015 1606 1094 1645 771
1127 1605 1271 1645 virtuti
1299 1605 1439 1645 melius
1470 1619 1587 1657 quam
1614 1606 1795 1646 fortunae

238 1674 426 1712 creditur.
488 1673 569 1712 797
601 1674 671 1711 ubi
702 1671 802 1711 aliis
837 1674 1093 1722 maledicunt,
1131 1674 1281 1712 faciunt
1317 1674 1534 1712 convitium
1562 1672 1651 1712 sibi.
1712 1673 1792 1713 811
1855 1682 1860 1686 '

238 1742 338 1781 Tam
369 1741 582 1782 crudelitas
611 1746 671 1781 est
707 1742 887 1781 omnibus
924 1746 1042 1793 atque
1077 1742 1180 1780 nulli
1215 1742 1426 1792 ignoscere.
1487 1740 1571 1782 819
1602 1756 1688 1781 cum
1718 1744 1793 1782 ini-

238 1811 341 1849 mico
370 1811 557 1861 ignosces.
617 1808 702 1850 824
732 1811 795 1848 cui
831 1811 1011 1861 superior
1046 1811 1252 1861 supplicat.
1313 1809 1397 1850 828
1435 1811 1579 1861 quibus
1613 1812 1792 1862 imperat.

239 1877 325 1919 836
362 1879 579 1919 numerosis
614 1878 747 1918 studet
783 1878 928 1918 amicis.
987 1873 1129 1919 Anon.
1159 1873 1272 1918 mim.
1309 1876 1335 1918 3
1374 1877 1471 1930 quid
1507 1882 1567 1918 est
1602 1878 1680 1919 tibi
1715 1879 1794 1920 ista

237 1948 411 1986 mulier?

356 2010 505 2057 Verba
534 2002 682 2056 dandii
714 2011 816 2055 Pac.
842 2013 921 2054 115
951 2015 1105 2068 nuptiis
1134 2015 1234 2054 hanc
1264 2015 1334 2054 dat
1363 2015 1478 2054 diem.
1545 2013 1628 2056 148
1658 2015 1734 2064 Qui
1754 2020 1794 2056 te

240 2106 297 2112 —
329 2085 413 2123 leto=
450 2085 572 2123 dabit.
632 2082 717 2122 244
750 2084 854 2122 Cedo
890 2088 1001 2122 tuum
1036 2083 1175 2135 pedem
1207 2081 1273 2122 mi.
1333 2081 1417 2122 269
1459 2083 1576 2122 fletus
1608 2083 1792 2122 muliebri

239 2152 401 2203 ingenio
430 2152 600 2192 additus.
659 2148 766 2192 Aoo.
792 2150 872 2192 112
902 2156 1069 2192 terraest
1094 2152 1219 2191 datus.
1269 2150 1355 2192 228
1380 2152 1522 2204 Neque
1550 2153 1642 2191 dedi
1668 2167 1794 2204 neque

240 2222 296 2260 do
322 2221 472 2260 infideli
501 2221 692 2273 cuiquam.
744 2218 829 2260 290
854 2221 978 2260 Nobis
1007 2221 1134 2260 datur.
1182 2219 1266 2261 293
1297 2222 1448 2261 nullum
1471 2214 1568 2260 meis
1588 2221 1658 2261 dat
1677 2221 1794 2261 finem

240 2292 423 2330 miseriis.
491 2288 574 2330 352
618 2304 802 2329 aerumna
837 2290 933 2329 haec
974 2287 1074 2328 mihi
1112 2291 1262 2328 luctum
1303 2287 1423 2328 addit
1464 2290 1649 2328 luctibus.
1709 2289 1792 2330 447

241 2360 407 2399 exuvias
444 2359 607 2410 dignavi
636 2358 849 2398 Atalantae
880 2358 983 2396 dare.
1044 2355 1128 2397 542
1159 2358 1224 2396 cui·
1252 2361 1428 2409 potestas
1459 2358 1494 2396 si
1524 2358 1651 2397 detur.
1701 2354 1793 2399 Ine.

240 2426 323 2468 ine.
353 2429 465 2481 trag.
494 2426 549 2468 50
587 2428 678 2467 Tali
715 2427 801 2466 dari
839 2440 956 2466 arma.
1015 2423 1121 2466 Ace.
1151 2427 1286 2479 praet.
1321 2425 1371 2466 17
1404 2427 1531 2479 quieti
1570 2441 1710 2480 corpus
1741 2450 1797 2457 --

241 2498 357 2537 Dedi.
418 2494 581 2550 Turpil.
603 2495 658 2538 88
689 2496 827 2537 Satine
855 2501 901 2535 ut
929 2510 970 2535 se
995 2510 1122 2535 meum
1143 2509 1211 2534 cor
1227 2496 1500 2547 voluptatibus
1529 2497 1627 2535 dat?
1667 2493 1797 2536 Titia.

244 2564 299 2607 77
336 2566 444 2607 Date
476 2567 539 2607 illi
572 2566 695 2607 biber.
754 2561 905 2607 Afran.
939 2562 1020 2605 110
1055 2563 1184 2605 Datur
1218 2563 1318 2604 mihi
1354 2564 1654 2606 Custodiendus.
1718 2563 1798 2607 159

245 2637 327 2675 Dat
356 2638 505 2676 rustico
535 2637 665 2675 nescio
696 2637 770 2684 cui,
799 2636 929 2674 vicino
960 2649 1029 2673 suo
1056 2634 1308 2685 Perpauperi.
1374 2633 1453 2673 197
1484 2635 1584 2673 mihi
1614 2657 1669 2663 —
1700 2635 1798 2672 dari.

243 2702 330 2745 359
361 2704 414 2745 Di
442 2705 520 2746 tibi
549 2705 653 2746 dent.
713 2701 863 2756 Pomp.
894 2699 1002 2744 Bon.
1034 2700 1089 2743 93
1126 2702 1217 2742 dedi
1252 2702 1452 2743 nebuloni.
1516 2701 1597 2743 105
1636 2696 1799 2754 Populis

244 2774 431 2813 voluntas
460 2775 558 2814 haec
587 2779 648 2814 est
677 2779 718 2815 et
747 2774 865 2824 vulgo
896 2773 999 2812 data.
1058 2767 1168 2811 Nov.
1196 2769 1250 2810 32
1282 2771 1360 2810 tibi
1391 2772 1503 2812 dabo.
1565 2766 1663 2824 Syri
1693 2771 1799 2810 sent.

242 2840 303 2881 50
332 2842 454 2893 digno
485 2844 605 2883 dedit.
665 2842 720 2884 52
752 2843 882 2893 dignis
914 2842 984 2881 ubi
1013 2842 1092 2879 das.
1153 2839 1207 2879 56
1238 2840 1362 2879 iudici
1393 2862 1449 2869 —
1479 2841 1558 2880 dat.
1623 2837 1704 2878 105
1735 2840 1799 2878 cui

366 2907 509 2941 noun,
530 2908 722 2939 adumbratio.
1548 2906 1569 2942 2
