2080 3480
889 239 1176 281 -47—

259 355 343 397 122
374 359 479 409 quod
508 358 731 396 molendum
762 355 959 395 conduxit.
1014 351 1247 396 Genetivus
1277 352 1472 409 gerundfi
1502 355 1546 395 et
1576 349 1817 407 gerundivi:

256 424 364 467 Aoo.
396 422 479 467 217
517 427 704 479 epulandi
740 425 882 476 gratia.
941 421 1043 465 Pac.
1075 424 1129 465 43
1165 431 1372 477 parentum
1402 449 1457 454 —
1494 423 1817 474 investigandum

258 497 400 546 gratia.
444 493 551 536 Aeo.
584 494 667 534 586
698 494 1044 546 Vicissitatemque
1073 495 1314 546 inperitandi
1344 495 1523 534 tradidit.
1566 489 1697 533 Pacc-
1729 489 1815 531 220

254 564 488 617 Inquirendi
523 568 569 602 ut
604 563 683 602 mei
717 563 894 614 parentis
929 564 1026 602 mihi
1062 567 1296 616 potestatem
1334 564 1433 603 duis.
1494 560 1604 603 Aoo.
1636 559 1722 602 276
1753 561 1811 599 lu-

256 634 375 672 minis
419 632 688 683 conspiciendi
729 631 949 671 insolentia.
1019 629 1120 672 Pac.
1159 631 1214 671 24
1257 633 1445 671 cernundi
1476 654 1531 660 —
1561 634 1812 683 potestatem.

258 698 387 742 Pace.
423 699 503 740 117
527 693 794 752 Cognoscendi
819 723 864 729 —
898 705 966 741 aut
995 703 1204 741 contuendi
1232 702 1354 753 copia.
1397 700 1479 741 207
1511 704 1683 753 spatium
1712 701 1811 740 ulci-

256 771 400 810 scendi.
443 768 526 810 358
548 770 796 820 intelligendi
826 772 982 810 astutia.
1025 768 1109 811 410
1138 772 1276 810 tuendi
1302 793 1355 798 —
1378 771 1551 809 satietas.
1594 766 1703 809 Ace.
1725 768 1810 809 290

256 854 379 891 pausa
407 839 603 890 loquendi.
654 837 738 878 418
770 840 953 878 causandi
982 840 1100 878 locus.
1151 838 1235 879 432
1265 836 1373 878 Aee.
1405 837 1489 877 586
1520 838 1808 877 Vicissitatem-

251 921 332 959 que
361 907 604 959 inperitandi
633 907 810 947 tradidit.
868 904 1019 948 Afran.
1053 906 1133 948 351
1167 921 1255 959 spes
1286 904 1509 945 reducendi.
1562 903 1615 945 97
1649 906 1809 945 cacandi

249 990 381 1016 causa.
448 971 541 1028 Syr.
580 976 684 1016 sent.
722 975 776 1016 59
814 977 934 1015 dandi
971 991 1136 1016 causam.
1197 975 1281 1015 314
1320 976 1491 1025 negandi
1535 989 1661 1013 causa.
1724 973 1808 1014 366

253 1045 446 1097 perdendi
474 1045 598 1083 finem.
641 1043 723 1085 369
753 1046 943 1097 pereundi
963 1068 1019 1075 ——
1039 1049 1203 1097 tempus.
1254 1042 1337 1084 563
1360 1043 1535 1083 Cavendi
1556 1066 1612 1071 —
1644 1043 1807 1083 occasio.

253 1111 336 1152 794
368 1113 467 1151 Odio
499 1136 553 1140 —
583 1114 781 1164 peccandi.

366 1179 432 1220 49.
471 1177 698 1233 Tempora.
735 1177 946 1222 Praesens
968 1178 1217 1222 historicum
1235 1181 1335 1234 post
1346 1182 1567 1234 postquam
1588 1181 1633 1219 et
1654 1177 1806 1220 deinde

251 1247 295 1288 in
333 1247 512 1301 apodosi
547 1247 733 1301 positum
769 1251 835 1289 est
862 1247 941 1289 1116.
972 1248 1052 1289 1116.
1089 1251 1197 1301 trag.
1233 1248 1481 1289 165—168.
1536 1245 1606 1288 De
1636 1246 1805 1289 actione

250 1315 518 1370 prohibenda
546 1309 750 1370 praesens
781 1315 1037 1358 coniunctivi
1065 1319 1313 1369 usurpatum
1351 1318 1415 1358 est
1445 1314 1608 1369 Turpil.
1644 1316 1724 1356 106
1756 1332 1805 1356 ne

249 1400 313 1424 me
343 1386 501 1435 attigas,
531 1383 681 1425 eadem
708 1382 1187 1437 autem-significatione
1207 1383 1444 1438 perfectum
1466 1380 1558 1438 Syr.
1580 1386 1686 1425 sent.
1718 1384 1800 1425 281

252 1468 301 1493 ne
330 1455 479 1493 feceris.
520 1442 766 1494 Perfectum
794 1450 989 1494 infinitivi
1017 1451 1149 1494 habes
1178 1452 1284 1493 Aac.
1316 1452 1399 1493 205
1429 1454 1505 1500 Qui
1535 1468 1614 1492 non
1644 1458 1705 1493 sat
1735 1455 1803 1493 ha-

250 1522 341 1562 buit
377 1522 582 1573 coniugem
617 1523 748 1562 intexe
785 1523 827 1561 in
863 1527 1040 1575 stuprum
1078 1524 1121 1562 et
1156 1519 1308 1562 Afran.
1350 1521 1399 1562 17
1444 1523 1523 1561 iam
1565 1523 1712 1561 dudum
1742 1537 1803 1562 oc-

251 1592 438 1640 culuisse,
478 1592 682 1640 degulasse
712 1593 898 1642 oportuit.
958 1588 1170 1631 Futurum
1200 1592 1397 1631 exactum
1427 1588 1479 1630 de
1508 1602 1555 1630 re
1586 1588 1671 1632 cito
1704 1602 1802 1632 oon-

250 1655 432 1699 fioienda
460 1661 711 1711 usurpatum
731 1656 883 1700 Afran.
917 1658 970 1700 72
1000 1664 1091 1712 post
1119 1674 1340 1709 narravero,
1373 1672 1469 1700 cum
1498 1657 1574 1700 fut.
1595 1655 1622 1699 I
1649 1657 1694 1699 in
1723 1672 1808 1700 una

252 1725 540 1767 enuntiatione
582 1725 852 1767 coniunctum
892 1725 1047 1767 Laber.
1086 1727 1165 1768 128
1209 1743 1295 1767 611111
1338 1730 1492 1768 veneris
1522 1752 1578 1756 —
1610 1729 1807 1768 Consistes

249 1810 378 1847 aegre.
420 1792 474 1835 In
504 1793 802 1836 consecutione
831 1797 1073 1848 temporum
1099 1792 1274 1836 offendit
1302 1794 1384 1837 1116.
1413 1795 1494 1837 1116.
1526 1797 1633 1849 trag.
1661 1796 1708 1836 11
1743 1808 1803 1848 sq.

252 1866 306 1903 Ut
335 1879 376 1903 se
405 1863 584 1903 edoceret
614 1865 816 1903 obsecrans
845 1865 1082 1916 Apollinem,
1114 1866 1197 1911 Quo
1225 1879 1308 1904 sese
1335 1867 1497 1903 vertant
1526 1869 1661 1903 tantae
1681 1869 1806 1903 sortes

255 1934 462 1973 somnium.

369 2000 435 2040 50.
485 1997 617 2039 Modi.
667 1997 926 2040 Indicativus
963 1997 1093 2040 etiam
1130 1997 1245 2052 apud
1274 1997 1351 2040 hos
1387 2001 1540 2053 poetas
1571 1998 1803 2053 scaenicos,

254 2067 306 2108 de
345 2067 498 2119 quibus
534 2082 644 2108 nunc
682 2067 862 2120 agimus,
904 2070 953 2107 ut
988 2067 1101 2120 apud
1137 2067 1320 2120 priores,
1363 2068 1407 2108 in
1445 2068 1806 2109 enuntiationibus

249 2133 471 2177 ⁴obiectivis
501 2134 641 2177 locum
670 2133 817 2188 habet,
849 2148 958 2189 quae
989 2138 1089 2177 sunt
1118 2134 1274 2178 similes
1305 2134 1645 2179 enuntiationum
1674 2136 1805 2179 inter-

255 2202 554 2256 rogativarum.
620 2202 726 2243 Aoo.
772 2205 850 2244 191
896 2206 1033 2243 dubito
1076 2207 1172 2255 quid
1214 2207 1311 2255 agis.
1385 2205 1468 2245 303
1506 2207 1637 2244 Viden
1678 2212 1723 2244 ut
1765 2212 1805 2245 te

257 2274 428 2326 inpietas
449 2273 625 2313 stimulat
643 2286 713 2312 nec
732 2273 909 2313 moderat
927 2273 1081 2314 metus?
1124 2272 1207 2314 499
1228 2274 1424 2327 Exprome
1445 2274 1542 2327 quid
1570 2275 1659 2315 fers.
1700 2271 1803 2317 Pae.

257 2343 341 2383 294
370 2345 499 2382 1163610
537 2344 722 2394 quidnam
759 2347 827 2381 est.
889 2339 981 2395 Syr.
1020 2345 1124 2383 sent.
1157 2342 1239 2382 626
1277 2345 1392 2394 Mage
1420 2345 1534 2383 -valet
1570 2346 1639 2395 qui
1669 2347 1804 2394 nescit,

257 2412 459 2451 calamitas
479 2412 575 2463 quid
594 2412 709 2450 valet.
752 2407 913 2464 Turpil.
939 2410 1020 2452 104
1040 2412 1158 2451 viden
1187 2416 1232 2451 ut
1263 2413 1461 2451 osculatur
1482 2413 1652 2453 cariem?
1693 2410 1804 2454 Pali.

254 2479 337 2520 ino.
358 2478 438 2520 inc.
472 2479 524 2520 62
545 2481 675 2519 Viden
703 2484 748 2518 ut
778 2481 960 2518 cinaedus
990 2481 1123 2518 orbem
1154 2481 1281 2529 digito
1311 2481 1533 2531 temperat?
1573 2479 1728 2520 Afran.
1750 2481 1802 2521 91

253 2549 386 2589 Viden
415 2552 461 2589 ut
490 2549 653 2589 facunde
683 2552 818 2588 contra
846 2548 1016 2588 causaris
1046 2548 1225 2600 patrem?
1267 2544 1420 2601 Pomp.
1445 2544 1556 2589 Bon.
1591 2548 1672 2590 102
1704 2551 1806 2591 Volo

253 2618 357 2656 scire
388 2632 436 2656 ex
465 2622 522 2668 te,
566 2632 633 2656 cur
661 2618 830 2657 urbanas
858 2632 920 2656 res
950 2640 1005 2644 —
1036 2617 1191 2655 deseris.
1251 2613 1408 2657 Laber.
1441 2616 1496 2657 20
1527 2619 1702 2657 mirabar
1731 2632 1805 2671 quo

254 2687 372 2726 modo
402 2701 593 2726 mammae
621 2688 719 2725 mihi
748 2678 848 2726 Tam
875 2686 1205 2725 descendiderant.
1265 2682 1418 2725 Afran.
1451 2685 1534 2725 419
1565 2687 1706 2726 Nescio
1738 2689 1806 2738 qui

255 2756 382 2795 nostri
412 2756 632 2796 miseritust
660 2756 817 2795 tandem
847 2756 950 2795 deus.
992 2751 1143 2806 Pomp.
1173 2749 1285 2795 Bon.
1316 2752 1370 2793 99
1401 2755 1543 2794 Nescio
1574 2756 1662 2807 quis
1693 2757 1806 2807 quasi

255 2826 399 2865 molam
436 2830 552 2877 urget
588 2826 719 2866 asinus
755 2839 915 2865 uxorem
951 2829 1069 2863 tuam.
1137 2818 1229 2876 Syr.
1274 2824 1379 2863 sent.
1418 2823 1501 2863 319
1539 2825 1669 2863 nescio
1707 2826 1805 2876 quid

251 2893 395 2942 agitat.
