2080 3480
900 270 1187 311 -13-

275 416 330 422 —
362 390 523 430 dederis.
591 385 671 426 108
709 386 778 425 das
817 399 946 425 avaro.
1013 383 1097 425 225
1135 385 1245 436 inopi
1275 406 1328 412 —
1360 383 1438 421 dat.
1498 379 1582 421 258
1619 381 1822 420 licentiam

276 462 341 499 des
370 461 534 509 linguae.
594 453 676 494 289
708 454 770 493 cui
801 476 856 481 —
888 455 1009 493 dedit.
1070 453 1151 493 467
1184 454 1261 492 sibi
1283 474 1337 482 —-
1359 452 1427 491 dat
1447 450 1694 502 supplicium.
1738 448 1824 489 566

275 528 443 568 inimicis
472 525 642 564 reddere.
705 521 786 562 736
817 523 887 561 das
918 523 1089 562 iniuriae
1119 524 1256 562 locum.

390 594 454 635 27.
484 589 632 634 Dativi
652 588 879 642 energici
898 589 1070 631 nomine
1092 603 1187 631 eam
1207 588 1388 631 formam
1407 586 1530 630 huius
1552 599 1673 628 casus
1694 584 1821 639 signi-

274 662 371 715 fico,
401 660 491 713 ubi,
531 672 650 702 secus
681 661 809 712 atque
839 657 883 698 in
912 657 1057 711 priore
1088 671 1262 712 genere,
1300 657 1436 712 magis
1472 654 1612 699 activa
1642 654 1731 697 eius
1761 653 1824 696 vis

273 733 462 784 apparet.
521 728 623 770 Pac.
655 728 756 769 359:
797 729 946 775 Quibus
984 729 1096 766 abest
1127 751 1182 757 -—
1212 729 1469 778 intellegendi
1498 727 1656 767 astutia.
1715 722 1822 765 Ace.

274 802 346 840 Cui
383 811 520 839 manus
557 822 612 827 --
648 797 788 837 sordet.
857 795 911 835 56
950 800 1166 847 exanguest
1203 810 1342 848 corpus
1384 797 1449 835 mi.
1523 794 1577 836 65
1614 795 1824 847 generibus

276 868 333 921 (h.
360 881 394 909 e.
427 865 609 921 generis)
639 872 790 906 tantam
821 879 902 904 esse
933 866 1194 916 inpietatem?
1242 864 1327 904 214
1356 866 1504 904 multae
1534 865 1703 904 insidiae
1733 868 1825 903 sunt

275 939 400 977 bonis.
466 935 560 977 452.
603 934 683 976 607
729 934 806 974 Suo
843 934 918 973 sibi
954 934 1105 972 lautum
1143 933 1344 984 sanguine.
1412 929 1540 973 Nelei
1582 943 1755 973 carmen
1798 931 1825 972 3

277 1009 457 1047 fortunae
495 1009 780 1045 commutantur
814 1003 1046 1042 hominibus.
1114 998 1221 1041 Ace.
1259 1003 1395 1053 praet.
1429 1001 1483 1042 30
1528 1017 1574 1042 ea
1610 1003 1645 1041 si
1683 1003 1746 1041 cui
1781 1003 1825 1040 in

276 1090 410 1115 somno
441 1075 631 1115 accidunt.
691 1069 850 1124 Turpil.
883 1070 936 1111 93
969 1075 1013 1110 ut
1043 1071 1245 1122 redempto
1276 1071 1467 1110 Faedriae
1506 1072 1646 1110 Liceat
1682 1071 1825 1110 redire.

282 1143 362 1184 144
396 1145 536 1195 quibus
573 1143 700 1193 quivis
737 1146 798 1180 sat
828 1146 896 1179 est.
961 1139 1037 1179 151
1070 1140 1168 1178 mihi
1200 1140 1375 1178 videbar.
1440 1138 1520 1178 179
1551 1144 1707 1178 uterum
1739 1154 1823 1178 cru-

279 1214 407 1252 ciatur
441 1212 548 1251 mihi.
623 1208 701 1250 182
738 1210 835 1248 mihi
870 1210 1016 1248 videre.
1076 1205 1185 1249 Pall.
1223 1205 1303 1248 inc.
1339 1205 1421 1248 inc.
1457 1206 1508 1248 18
1550 1208 1628 1247 tibi
1669 1208 1826 1247 facilior

277 1281 353 1319 erit
383 1294 500 1319 amor.
561 1276 688 1318 Tit-in.
712 1277 764 1317 27
797 1279 877 1316 Nec
907 1282 1026 1316 noctu
1055 1291 1126 1315 nec
1157 1278 1226 1315 diu
1245 1278 1339 1316 licet
1366 1277 1581 1316 fullonibus
1609 1277 1825 1327 quiescant.

279 1347 331 1389 62
361 1349 458 1388 1111111
487 1348 634 1387 licebit.
693 1343 844 1387 Afran.
867 1344 920 1387 62
950 1360 1029 1385 11011
1060 1346 1201 1386 desunt
1227 1346 1335 1386 mihi.
1397 1344 1449 1386 78
1477 1345 1634 1385 Nemini
1660 1345 1826 1385 nimium

276 1419 373 1456 bene
404 1422 472 1456 est.
535 1415 615 1455 100
652 1417 838 1455 videntur
873 1438 928 1443 —
965 1415 1073 1452 mihi.
1137 1413 1217 1454 189
1256 1428 1390 1453 servus
1427 1419 1487 1453 est
1522 1415 1620 1452 mihi
1655 1414 1826 1453 Nicasio.

278 1485 357 1525 211
392 1486 515 1537 spisso
545 1485 679 1524 venire
708 1486 835 1523 visust
862 1484 1016 1522 Manius
1041 1484 1150 1522 1111111.
1211 1482 1295 1523 258
1325 1483 1588 1522 Iucunditatis
1615 1485 1704 1534 plus
1724 1484 1829 1522 inest

278 1555 320 1591 in
349 1558 389 1592 te
426 1554 532 1591 mihi.
593 1551 674 1591 337
711 1553 860 1602 virgini
897 1574 952 1580 -—
990 1553 1129 1590 crescit
1165 1555 1298 1590 uterus
1336 1552 1448 1601 quasi
1485 1565 1601 1602 quam
1638 1537 1855 1601 gravidae·

279 1622 445 1660 mulieri.
507 1619 586 1661 347
619 1621 749 1660 veniet
779 1621 822 1660 in
851 1625 1019 1659 mentem
1049 1620 1136 1659 tibi.
1198 1618 1279 1660 349
1308 1620 1448 1671 quibus
1476 1620 1598 1659 animi
1627 1634 1706 1659 non
1734 1625 1826 1659 sunt

281 1691 437 1739 integri.
497 1687 647 1740 Pomp.
677 1686 784 1728 Bon.
818 1688 870 1728 36
901 1690 977 1727 tibi
1006 1690 1105 1727 bene
1143 1690 1205 1727 sit.
1267 1687 1320 1727 65
1351 1689 1426 1727 tibi
1456 1690 1595 1740 placet.
1660 1686 1738 1727 141
1772 1690 1828 1726 mi

279 1759 485 1810 inrepsere.
550 1756 626 1797 181
666 1758 815 1809 placuit
845 1780 900 1785 -—
931 1758 1119 1796 omnibus.
1179 1753 1334 1797 Laber.
1370 1756 1421 1797 76
1457 1758 1573 1797 Malis
1608 1757 1708 1797 bene
1746 1771 1830 1797 esse

280 1850 334 1854 —
366 1827 526 1865 civibus.
591 1825 670 1865 114
700 1827 776 1864 tibi
814 1831 897 1865 erat
933 1827 1102 1865 libitum.
1164 1821 1260 1878 Syri
1291 1827 1396 1865 sent.
1431 1825 1511 1866 102
1543 1827 1606 1865 0111
1636 1841 1828 1877 nusquam

279 1894 413 1933 domus
444 1899 511 1933 est.
576 1892 656 1933 104
687 1894 749 1933 cui
778 1895 867 1946 plus
897 1894 989 1933 licet
1020 1909 1134 1945 quam
1164 1909 1237 1946 par
1266 1899 1334 1934 est.
1398 1892 1476 1934 121
1507 1895 1649 1934 desunt
1669 1895 1830 1947 inopiae

277 1976 417 2014 pauca,
455 1963 644 2001 avaritiae
682 1963 820 2001 omnia.
893 1961 972 2002 134
1010 1967 1069 2002 est
1104 1964 1191 2014 ipsa
1227 1964 1439 2015 cupiditati
1481 1964 1597 2003 tarda
1637 1964 1828 2003 celeritas.

283 2029 363 2069 135
395 2036 454 2069 est
484 2032 588 2069 socia
621 2032 760 2069 mortis
795 2032 944 2070 homini
980 2033 1065 2071 vita
1102 2032 1283 2082 ingloria.
1348 2031 1427 2072 155
1472 2033 1642 2071 felicitas
1679 2033 1829 2071 infelici

281 2099 504 2137 innocentia
535 2104 602 2138 est.
665 2098 744 2139 165
775 2100 932 2139 fortuna
960 2100 1184 2139 hominibus
1214 2102 1302 2153 plus
1333 2091 1448 2152 quam
1479 2101 1684 2140 consilium
1711 2103 1829 2142 valet.

286 2165 365 2206 192
404 2168 552 2205 homini
590 2191 643 2195 —
680 2169 797 2207 deest.
865 2168 948 2209 248
986 2171 1110 2209 Laeso
1148 2170 1295 2209 doloris
1331 2171 1546 2209 remedium
1582 2171 1733 2210 inimici
1771 2176 1832 2211 est

282 2236 402 2275 dolor.
464 2235 546 2276 310
576 2238 800 2276 necessitati
830 2261 884 2267 —
915 2239 1022 2278 utile.
1084 2237 1167 2279 313
1198 2253 1269 2278 1100
1299 2240 1384 2279 vita
1416 2254 1485 2279 1100
1517 2241 1676 2279 fortuna
1704 2241 1829 2279 homi-

282 2305 397 2343 nibus
426 2319 564 2356 perpes
596 2310 663 2344 est.
725 2304 808 2345 320
839 2307 988 2345 infelici
1019 2312 1078 2347 est
1110 2308 1310 2359 optimum.
1371 2307 1453 2348 419
1486 2309 1582 2359 quid
1611 2309 1690 2347 tibi
1713 2322 1830 2359 pecu-

282 2373 347 2410 nia
383 2387 478 2423 opus
515 2378 583 2412 est.
644 2372 726 2413 485
766 2375 1033 2414 Taciturnitas
1069 2377 1190 2414 stulto
1226 2377 1376 2415 homini
1412 2391 1484 2428 pro
1524 2377 1723 2427 sapientia
1760 2381 1831 2415 est.

285 2437 367 2478 574
398 2442 554 2490 gravius
585 2442 763 2493 sapienti.
826 2440 908 2482 720
939 2444 1015 2482 sibi
1042 2445 1199 2484 videtur
1221 2446 1340 2484 dives.
1402 2443 1485 2484 803
1515 2444 1691 2494 Regibus
1721 2444 1833 2495 peius

286 2512 343 2544 est
384 2509 506 2545 multo
549 2524 663 2558 quam
698 2511 795 2559 ipsis
833 2513 1103 2550 servientibus.
1165 2511 1248 2551 848
1286 2514 1454 2562 suspitio
1493 2498 1672 2561 probatis
1709 2512 1835 2549 tacita

286 2574 432 2613 iniuria
469 2580 536 2614 est.
595 2573 788 2617 Pertinet
815 2575 897 2619 huc
929 2577 1059 2620 etiam
1090 2577 1255 2620 dativus
1287 2591 1384 2620 cum
1413 2576 1581 2631 passivo
1613 2575 1741 2619 verbo
1772 2575 1835 2619 ita

288 2640 555 2692 coniunctus,
594 2647 659 2694 ut,
703 2644 738 2683 si
778 2645 1110 2687 enuntiationem
1146 2646 1351 2696 invertas,
1390 2644 1556 2686 dativus
1598 2644 1834 2686 subiectum

286 2707 375 2749 eius
415 2707 582 2750 efficiat.
641 2708 741 2753 Pac.
773 2713 855 2754 384
888 2716 1017 2755 Oresti
1054 2716 1230 2766 cognita,
1269 2719 1414 2766 agnota
1451 2720 1511 2754 est
1547 2729 1666 2754 soror.
1726 2712 1834 2756 Aoo.

288 2778 339 2817 77
372 2779 449 2817 tibi
470 2801 525 2806 —
548 2784 607 2817 est
627 2781 852 2821 adeundum.
913 2782 997 2823 284
1017 2784 1076 2821 Ne
1103 2784 1165 2821 cui
1194 2797 1405 2833 cognoscar
1423 2787 1528 2821 noto.
1589 2782 1673 2823 314
1693 2784 1834 2824 Probis

282 2848 494 2900 probatum
524 2848 656 2899 potius
686 2863 799 2899 quam
828 2852 962 2890 multis
984 2853 1075 2890 fore.
1118 2849 1198 2890 541
1233 2851 1379 2890 Contra
1410 2855 1469 2890 est
1499 2852 1667 2891 eundum
1688 2854 1833 2893 cautim

281 2922 321 2955 et
352 2917 588 2968 captandum
618 2917 725 2955 mihi.
784 2914 873 2957 Ino.
898 2917 976 2959 inc.
998 2921 1107 2971 trag.
1133 2918 1212 2958 185
1244 2920 1393 2971 dispari
1421 2920 1632 2960 Dominare
1661 2922 1829 2963 domino.
