2080 3480
919 135 1205 176 —14—

297 272 394 296 116111.
443 251 590 294 Afran.
623 251 704 293 299
737 252 922 303 Sophiam
951 254 1092 291 vocant
1120 263 1181 288 me
1212 250 1319 298 Grai,
1350 262 1419 288 vos
1450 249 1706 300 Sapientiam.
1757 250 1840 292 373

297 326 398 363 Dum
427 337 486 362 me
515 322 756 371 morigeram,
787 321 877 358 dum
907 332 1099 358 morosam
1128 318 1306 369 praebeo.
1347 313 1457 357 Nov.
1480 316 1534 357 64
1564 333 1626 357 me
1655 322 1841 360 miserum

298 393 532 432 miseriorem
561 389 742 428 reddidit.
786 384 878 441 Syr.
901 388 1004 428 sent.
1031 386 1086 427 43
1117 387 1265 426 auxilia
1294 386 1461 426 humilia
1490 386 1603 427 firma
1632 402 1840 430 consensus

297 461 400 499 facit.
459 457 541 498 266
570 458 820 496 maledictum
855 456 1150 507 interpretando
1181 456 1302 494 facias
1333 456 1471 495 acrius.
1532 454 1616 495 270
1646 458 1840 497 medicum

295 529 362 578 qui
390 528 567 565 heredem
597 527 701 565 facit.
756 524 838 565 278
870 540 909 563 se
938 526 1097 563 simulat
1125 525 1279 563 bonam.
1334 523 1415 564 281
1449 527 1594 564 malum
1623 540 1672 564 ne
1701 527 1839 566 feceris

295 599 402 633 tuum
431 595 626 644 gaudium.
686 592 770 633 284
799 594 943 632 bonum
972 606 1012 631 se
1042 593 1210 631 simulat.
1272 591 1355 632 325
1386 594 1445 632 nil
1474 594 1679 645 proprium
1709 595 1838 634 ducas.

292 663 375 703 444
405 665 509 715 quod
530 687 583 692 —
605 678 734 703 carum
757 663 866 703 velis.
909 660 992 702 463
1023 662 1179 701 beatam
1199 676 1239 701 se
1258 666 1385 714 putat.
1428 661 1510 703 487
1542 664 1705 704 timidus
1724 669 1840 705 vocat

293 746 333 771 se
364 736 534 781 cautum,
569 746 728 783 paccum
764 731 952 771 sordidus.
1013 729 1093 770 521
1133 734 1173 769 te
1209 730 1362 770 felicem
1398 745 1525 771 vocas.
1586 730 1671 773 543
1708 747 1839 773 senem

291 802 470 840 heredem
501 802 603 839 facit.
664 799 744 839 547
788 801 948 839 alterius
979 801 1161 838 damnum
1196 801 1387 850 gaudium
1422 802 1528 840 haud
1564 803 1685 841 facias
1715 806 1837 843 tuum.

293 868 375 908 598
414 869 635 908 Gloriosum
665 872 724 907 est
752 869 850 907 iram
880 869 995 907 amici
1032 868 1246 907 amicitiam
1284 869 1378 908 dare
1408 867 1472 922 (=
1498 866 1704 924 reddere).
1754 870 1837 911 643

291 938 473 975 miserum
501 941 541 974 te
570 938 709 975 iudico.
769 935 848 975 651
889 937 1100 975 necessitas
1130 940 1308 986 egentem
1337 938 1562 976 mendacem
1592 940 1698 977 facit.
1754 939 1838 979 684

292 1019 332 1044 se
361 1006 488 1056 ipsum
517 1006 667 1043 felicem
696 1006 800 1044 facit.
855 1003 938 1044 844
968 1006 1077 1044 salva
1106 1006 1193 1044 vult
1224 1006 1453 1045 communia.
1513 1003 1650 1046 Lucil.
1682 1004 1708 1046 I
1748 1009 1838 1048 Non

293 1077 353 1111 est
380 1077 508 1121 tuum,
539 1074 695 1111 fortuna
725 1074 828 1123 quod
857 1074 951 1112 fecit
979 1077 1100 1112 tuum.
1160 1070 1354 1114 Alterius
1384 1072 1552 1126 generis
1583 1076 1681 1115 sunt
1710 1072 1835 1117 haec:

289 1136 438 1180 Afran.
460 1139 515 1180 22
545 1141 592 1179 Id
622 1155 682 1179 me
712 1142 874 1181 celabat.
921 1140 1001 1182 173
1032 1143 1075 1181 id
1104 1157 1241 1182 aurum
1270 1158 1331 1182 me
1362 1144 1557 1184 condonat
1589 1140 1716 1198 (Non.
1738 1143 1835 1197 497,

289 1208 370 1260 29).
430 1205 536 1249 Nov.
580 1208 633 1249 69
683 1224 745 1248 res
787 1211 848 1250 vis
890 1211 992 1250 hunc
1034 1212 1185 1263 privari
1228 1213 1411 1264 pulchras
1466 1209 1593 1267 (Non.
1637 1213 1740 1265 500,
1782 1214 1835 1256 16

288 1279 466 1328 privatur
494 1275 610 1318 illam
640 1290 744 1329 rem,
775 1290 854 1330 pro
884 1277 959 1319 illa
989 1291 1035 1319 re
1065 1278 1282 1334 privatur).
1337 1278 1494 1322 Laber.
1526 1282 1575 1321 17
1608 1297 1677 1322 nec
1707 1285 1836 1335 Pytha

287 1360 441 1394 goream
471 1347 652 1396 dogmam
682 1348 828 1386 doctus.

400 1412 467 1453 26.
496 1411 678 1455 Dativus
699 1412 917 1467 qualitatis
948 1413 1133 1457 effectes.
1169 1414 1271 1457 Pac.
1298 1417 1377 1458 168
1397 1419 1583 1460 bellando
1603 1424 1719 1472 aptus
1739 1435 1833 1460 sum.

295 1481 373 1521 182
415 1484 620 1522 Tundareo
655 1484 741 1522 fieri
778 1486 1060 1524 contumeliam.
1125 1485 1204 1525 187
1247 1491 1293 1525 ut
1323 1492 1414 1526 eant
1443 1493 1644 1538 gratatum
1673 1490 1833 1541 hospiti.

290 1549 372 1590 215
413 1552 663 1603 Repugnanti
705 1574 758 1580 —
790 1553 943 1592 detraxi
978 1555 1178 1605 ungulum.
1239 1554 1323 1596 282
1371 1557 1469 1596 1111111
1500 1581 1555 1586 -
1584 1559 1831 1610 respondeas.

292 1618 373 1657 283
411 1621 585 1657 ordinem
616 1634 766 1658 omnem
797 1644 851 1648 —
893 1624 1016 1661 enoda
1045 1625 1160 1673 patri.
1215 1624 1296 1665 287
1339 1627 1421 1664 illis
1453 1628 1696 1678 opitularier.
1747 1627 1831 1667 289

290 1687 492 1738 coniugem
521 1692 646 1727 macto
688 1689 833 1728 inferis.
888 1688 983 1730 324.
1021 1690 1103 1732 392
1153 1694 1361 1745 imperium
1392 1695 1525 1736 Cefalo
1561 1697 1833 1736 transmissum

290 1760 357 1794 est.
410 1752 516 1796 Ace.
551 1755 601 1795 19
648 1757 738 1796 huic
774 1781 819 1786 —
865 1759 1037 1808 Ignosce.
1094 1761 1148 1801 48
1189 1763 1295 1801 dicta
1332 1764 1448 1803 factis
1491 1765 1726 1816 discrepant.
1777 1764 1832 1805 92

288 1825 382 1874 quid
412 1825 447 1862 ei
477 1825 699 1865 redhostis?
730 1826 794 1879 (=
821 1824 954 1867 refers
974 1828 1181 1882 gratiam).
1223 1844 1259 1871 v.
1282 1831 1336 1872 98
1376 1848 1492 1884 quem
1522 1835 1660 1885 cuique
1689 1835 1834 1873 tribuit

289 1893 444 1930 fortuna
485 1894 669 1932 ordinem.
732 1894 812 1934 102
856 1897 968 1935 nobis
999 1899 1103 1937 tulat
1133 1914 1256 1951 opem.
1320 1900 1400 1940 109
1438 1902 1516 1941 sibi
1545 1903 1650 1941 mala
1680 1917 1832 1942 auxere.

294 1958 374 1998 110
410 1960 557 2006 Quibus
587 1967 727 2001 natura
756 1979 876 2014 prava
905 1968 1030 2016 magis
1061 1990 1116 1996 —
1147 1970 1286 2008 obfuit.
1350 1969 1431 2010 116
1468 1972 1660 2010 auxilium
1691 1995 1746 2000 —
1775 1975 1832 2011 te-

291 2028 420 2065 tulisti
448 2030 553 2066 mihi.
599 2028 677 2068 127
715 2032 912 2071 Minervae
942 2035 1084 2073 donum
1116 2038 1369 2088 armipotenti
1397 2040 1582 2077 abeuntes
1613 2040 1742 2078 Danai
1774 2041 1832 2078 di-

292 2099 389 2133 cant.
452 2094 531 2135 132
580 2097 655 2143 Qui
684 2113 807 2149 neque
844 2102 967 2141 amico
1009 2105 1154 2144 amicus
1191 2120 1374 2157 umquam
1411 2109 1543 2157 gravis
1573 2123 1698 2160 neque
1727 2109 1834 2148 hosti

292 2163 414 2201 hostis
444 2165 529 2203 fuit.
592 2164 669 2204 137
707 2168 784 2205 tibi
814 2171 1010 2209 consulere
1041 2177 1079 2211 et
1107 2188 1275 2225 parcere.
1340 2174 1421 2215 150
1463 2177 1540 2215 sibi
1569 2177 1698 2217 habet.
1751 2176 1833 2218 155

291 2232 386 2269 mihi
417 2255 470 2261 —
501 2234 606 2273 civit.
664 2233 741 2274 167
774 2237 838 2275 mi.
896 2237 974 2278 169
1005 2241 1073 2279 Nil
1104 2244 1216 2281 credo
1248 2246 1472 2294 auguribus.
1531 2245 1609 2286 187
1648 2247 1747 2285 mihi
1777 2270 1833 2276 —

293 2298 507 2339 Commovit
528 2303 706 2342 animum.
750 2303 832 2344 209
862 2307 959 2345 mihi
979 2331 1033 2338 —
1053 2311 1171 2350 misit.
1210 2309 1293 2352 213
1314 2315 1419 2365 cepit
1439 2315 1527 2354 sibi.
1570 2314 1651 2355 221
1675 2316 1834 2356 veribus

296 2388 349 2393 —
370 2368 535 2407 Lacerta
563 2372 714 2409 tribuit.
758 2372 840 2412 280
871 2378 1028 2415 concedi
1059 2380 1145 2418 tibi.
1188 2379 1271 2420 295
1301 2396 1460 2431 parcere
1490 2384 1633 2435 Capiti.
1677 2383 1762 2425 350
1792 2386 1835 2424 id

295 2448 414 2471 unum
443 2436 693 2476 incommodis
730 2441 822 2478 defit
852 2444 958 2482 meis.
1018 2444 1097 2484 351
1144 2448 1180 2484 ei
1209 2449 1316 2487 mihi.
1377 2448 1461 2489 354
1502 2453 1716 2492 formidans
1746 2454 1833 2493 tibi.

295 2500 378 2540 360
415 2504 535 2553 capiti
564 2508 789 2556 pepercerit.
849 2509 930 2549 429
967 2517 1046 2550 tete
1077 2528 1158 2552 esse
1187 2516 1278 2553 huic
1314 2531 1439 2555 noxae
1469 2520 1689 2560 obnoxium.
1749 2522 1833 2562 442

293 2570 399 2607 dicto
431 2570 648 2610 oboediens.
696 2572 779 2613 446
809 2576 899 2614 huic
927 2581 1147 2620 muneravit
1175 2582 1333 2633 virgini.
1383 2582 1466 2624 455
1498 2586 1604 2634 Quae
1632 2590 1834 2630 vastitudo

291 2639 386 2676 haec
416 2644 485 2677 aut
514 2642 616 2678 unde
647 2644 772 2680 evasit
800 2645 922 2682 mihi?
971 2646 1053 2686 469
1084 2663 1207 2699 neque
1238 2665 1309 2700 ego
1341 2655 1535 2692 errantiae
1565 2657 1687 2694 animi
1715 2672 1835 2708 prave

290 2707 568 2757 morigerabor.
624 2707 706 2748 474
744 2725 856 2761 quem
886 2714 980 2751 mihi
1012 2716 1201 2766 iungent?
1232 2720 1295 2757 cui
1316 2742 1370 2747 —
1397 2721 1589 2770 dignabor
1609 2724 1720 2763 dari?
1751 2726 1831 2767 491

288 2777 415 2816 mittis
436 2778 526 2816 leto.
571 2776 655 2816 514
686 2780 762 2818 tibi
783 2802 837 2808 —
858 2784 1018 2830 gratari.
1081 2783 1165 2824 522
1194 2798 1253 2838 sq.
1284 2787 1446 2827 Achivis
1472 2790 1661 2831 classibus
1686 2795 1835 2847 ductor,
