2080 3480
895 176 1184 217 ..44-

261 296 385 333 forma
427 293 602 331 ferocem.
664 286 817 330 Afran.
858 288 942 331 322
980 292 1100 331 viden
1141 295 1186 330 tu
1227 292 1357 331 lavere
1397 289 1571 329 lacrimis
1613 302 1675 328 me
1710 293 1822 329 tuum

260 363 402 400 collum
432 359 519 397 —P
577 354 688 398 Nov.
721 357 777 397 85
809 372 917 398 eccas
948 360 1064 398 video
1103 360 1293 399 incedere.
1353 357 1408 399 89
1438 372 1479 397 se
1508 357 1613 397 vidit
1643 371 1727 397 esse
1756 358 1821 397 he-

259 431 399 469 redem.
458 423 604 467 Laber
635 425 689 467 23
721 427 850 466 Video
889 428 1134 468 adulescenti
1171 433 1308 468 nostro
1339 428 1459 468 Caedi
1489 427 1617 466 hillas.
1679 425 1733 466 79
1763 427 1823 466 Ne

258 500 300 537 in
330 512 371 536 re
401 498 504 535 bona
534 510 617 534 esse
646 496 805 535 videam
841 509 1011 547 nequam
1047 497 1185 536 filium.
1250 496 1328 537 141
1363 509 1424 550 sq.
1454 509 1615 536 uxorem
1644 499 1753 534 tuam
1784 500 1823 535 et

257 581 381 605 meam
411 566 630 605 Novercam
652 587 706 593 —-
729 566 948 604 consectari
969 588 1026 594 —
1047 566 1185 605 Video.
1229 563 1334 606 Pac.
1357 565 1441 606 322
1473 578 1534 618 sq.
1568 564 1651 605 366
1683 575 1763 617 sq.:

255 657 472 696 Fortunam
502 657 680 697 insanam
712 670 795 696 esse
827 659 866 695 et
898 669 1052 696 caecam
1084 659 1124 696 et
1154 657 1315 697 brutam
1344 658 1555 711 perhibent
1584 656 1821 710 philosophi,

258 727 440 779 Saxoque
469 728 618 767 instare
648 728 690 765 in
720 726 884 777 globoso
914 726 1148 778 praedicant
1178 727 1381 767 volubilei.

259 830 500 872 368—370.
533 830 615 871 372
647 841 708 883 sq.
741 829 837 870 374.
868 828 952 869 402
984 840 1046 882 sq.
1066 827 1175 870 Ace.
1207 829 1234 869 4
1265 842 1327 883 sq.
1358 832 1420 870 Tu
1449 832 1710 883 pertinaciam
1740 845 1823 870 esse

259 924 314 929 —-
344 901 444 940 hanc
474 901 690 952 praedicas,
721 901 805 950 Ego
836 899 1096 952 pervicaciam
1127 899 1192 938 aio
1223 904 1263 939 et
1294 914 1340 939 ea
1369 913 1431 938 me
1462 900 1523 938 uti
1553 901 1655 939 volo.
1714 896 1821 940 Acc-

261 968 343 1008 616
376 970 648 1020 praedicarent
678 970 875 1007 hominem
906 982 999 1007 esse.
1042 981 1079 1008 v.
1112 967 1137 1007 8
1170 979 1232 1020 sq.
1263 964 1508 1019 pervicacem
1539 968 1619 1007 dici
1648 982 1710 1006 me
1740 982 1822 1007 esse

259 1041 299 1075 et
340 1038 496 1076 vincere
537 1039 729 1076 Perfacile
771 1038 920 1088 patior,
963 1038 1208 1088 pertinacem
1249 1037 1309 1074 nil
1350 1049 1491 1075 moror.
1556 1034 1607 1074 17
1646 1050 1707 1074 me
1743 1050 1823 1074 non

257 1119 435 1157 peccasse
457 1128 513 1134 —
535 1107 749 1145 ostendam.
792 1118 828 1146 v.
854 1104 907 1146 18
927 1106 1108 1156 Regnum
1137 1106 1215 1145 tibi
1244 1105 1424 1157 permitti
1453 1104 1633 1144 malunt?
1669 1100 1822 1144 Afran.

258 1173 313 1214 34
342 1175 421 1214 Ubi
457 1176 611 1214 malunt
648 1176 772 1214 metui
809 1190 927 1227 quam
962 1176 1093 1215 vereri
1130 1189 1170 1214 se
1208 1175 1257 1214 ab
1288 1175 1383 1213 suis.
1442 1171 1549 1213 Ace.
1582 1172 1637 1213 22
1669 1174 1822 1213 Cuiatis

258 1244 421 1296 stirpem
450 1245 630 1284 funditus
668 1246 753 1296 fligi
790 1245 939 1284 studet!
1004 1242 1083 1284 197
1118 1259 1232 1296 quem
1261 1244 1360 1283 mihi
1396 1244 1535 1283 studeo
1563 1244 1644 1283 iam
1674 1244 1821 1283 dudum

259 1313 354 1352 dari.
398 1312 451 1353 37
484 1313 642 1353 Scibam
672 1315 773 1353 hanc
802 1314 900 1352 mihi
931 1326 1153 1365 supremam
1183 1314 1309 1352 lucem
1339 1316 1379 1351 et
1409 1312 1548 1351 serviti
1576 1313 1693 1351 finem
1723 1313 1821 1351 dari.

258 1378 348 1421 Ino.
380 1379 461 1422 inc.
492 1384 600 1434 trag.
633 1381 688 1422 85
718 1384 930 1422 morituros
967 1383 1078 1421 scivi.
1139 1381 1191 1421 87
1225 1382 1383 1421 Scibam
1413 1396 1473 1420 me
1503 1382 1545 1419 in
1575 1382 1821 1420 mortiferum

261 1471 314 1478 —
345 1450 493 1489 bellum
523 1474 580 1479 —
610 1452 778 1491 mittere.
838 1447 991 1491 Afran.
1023 1449 1106 1491 287
1145 1455 1185 1490 te
1222 1451 1324 1490 istuc
1360 1451 1487 1489 facere
1524 1449 1698 1488 officiose
1728 1443 1819 1488 scio.

260 1516 345 1557 354
375 1520 450 1558 scit
485 1533 546 1558 me
583 1519 694 1558 illam
731 1533 872 1559 amare.
933 1518 1017 1559 360
1047 1520 1182 1559 sinunt
1219 1519 1261 1558 di
1298 1522 1337 1558 et
1366 1532 1484 1570 porro
1514 1531 1698 1570 passuros
1727 1517 1819 1557 scio.

259 1584 369 1628 Nov.
409 1587 464 1628 20
501 1589 672 1627 Puerum
708 1590 865 1627 mulieri
900 1594 1101 1641 praestare
1138 1603 1251 1627 nemo
1287 1590 1371 1627 scit.
1438 1585 1591 1639 Pomp.
1621 1583 1731 1627 Bon.
1763 1585 1819 1626 42

259 1656 349 1695 Scio
387 1679 443 1684 —
480 1660 520 1695 te
556 1646 668 1695 illam
704 1671 846 1696 amare.
905 1655 1013 1697 Acc.
1046 1656 1101 1697 64
1138 1668 1199 1710 sq.
1243 1657 1311 1709 qui
1353 1657 1472 1695 ducat
1509 1678 1565 1684 —
1598 1656 1818 1695 Generibus

255 1730 407 1764 tantam
438 1740 520 1765 esse
551 1727 810 1777 inpietatem?
852 1724 1004 1766 Afran.
1035 1726 1120 1766 324
1150 1728 1204 1765 Ut
1234 1740 1295 1764 me
1325 1740 1408 1765 esse
1440 1749 1495 1754 —
1527 1727 1645 1765 ducat
1675 1726 1745 1765 abs
1775 1731 1816 1764 te

254 1794 480 1833 extrarium.
541 1791 647 1833 Ace.
682 1793 736 1834 96
768 1805 828 1846 sq.
867 1809 993 1834 meam
1030 1795 1341 1834 benivolentiam
1371 1794 1561 1833 Interisse
1604 1808 1645 1833 es
1681 1794 1818 1833 ratus?

258 1861 339 1903 120
370 1862 559 1914 intellego
580 1864 857 1903 Referundum.
900 1861 1057 1905 Laber.
1093 1864 1145 1904 16
1176 1879 1255 1903 non
1284 1865 1463 1902 intellexi
1491 1865 1548 1902 Te
1568 1864 1818 1902 Mauricatim

252 1932 361 1970 scire.
422 1929 528 1971 Ace.
565 1931 657 1971 136.
694 1931 786 1972 137.
823 1932 904 1972 148
942 1938 1150 1985 tropaeum
1187 1933 1290 1971 ferre
1326 1946 1388 1970 me
1419 1946 1442 1971 a
1472 1933 1576 1971 forto
1607 1932 1693 1971 viro
1723 1932 1815 1971 Pul-

254 2014 362 2038 crum
393 2006 462 2039 est.
506 1999 588 2040 207
621 2002 725 2052 quod
755 2015 797 2041 re
828 2002 870 2041 in
900 2016 1050 2041 summa
1081 2015 1273 2041 summum
1304 2014 1387 2040 esse
1414 2001 1589 2040 arbitror
1608 2000 1817 2050 Periclum,

252 2072 399 2106 matres
437 2070 666 2119 conquinari
704 2071 852 2120 regias,
897 2071 1167 2109 Contaminari
1210 2070 1375 2121 stirpem
1417 2084 1462 2109 ac
1498 2070 1653 2108 misceri
1682 2082 1815 2120 genus.

253 2135 337 2177 212
369 2138 578 2195 Thyestem
609 2140 761 2191 clepere
792 2155 929 2178 ausum
960 2154 1052 2179 esse.
1095 2136 1198 2179 Pac.
1221 2138 1276 2179 69
1306 2140 1385 2178 Ubi
1415 2153 1488 2190 ego
1517 2154 1579 2178 me
1609 2140 1815 2190 gravidam

253 2207 377 2245 sentio
409 2207 698 2257 adgravescere.
760 2204 866 2247 Ace.
900 2206 984 2247 223
1016 2218 1107 2259 sqq.
1140 2207 1237 2257 quid
1266 2208 1420 2246 tonitru
1450 2208 1612 2247 turbida
1641 2213 1756 2247 torvo

830 2276 1026 2315 Gonoussa
1055 2279 1217 2327 repente
1247 2289 1417 2327 aequora
1448 2277 1548 2315 caeli

832 2345 1031 2384 Sensimus
1061 2358 1198 2383 sonere
1206 2345 1225 2383 P

253 2435 289 2462 V.
322 2421 406 2462 470
436 2424 573 2462 valvas
603 2438 737 2463 sonere
769 2426 873 2463 sensi
903 2426 1043 2475 regias.
1085 2421 1193 2464 Pall.
1224 2421 1304 2463 ine.
1325 2421 1407 2463 inc.
1438 2423 1493 2463 45
1516 2423 1655 2463 Sentin
1684 2437 1814 2463 senem

253 2504 337 2530 esse
368 2494 518 2529 tactum
548 2492 718 2541 triginta
747 2492 893 2531 minis?
952 2488 1104 2531 Afran.
1136 2490 1220 2531 220
1252 2492 1303 2530 ah
1333 2492 1458 2529 sentio
1489 2492 1546 2529 Te
1574 2505 1654 2530 non
1684 2506 1813 2531 amare

250 2574 323 2598 me.
383 2556 491 2598 Ace.
524 2559 608 2598 280
640 2562 745 2611 quod
775 2562 884 2599 nefas
915 2562 969 2599 sit
999 2560 1158 2598 concedi
1188 2560 1276 2597 tibi.
1338 2558 1435 2598 288.
1467 2558 1550 2598 289
1580 2561 1813 2599 Amfilocum

249 2630 325 2668 huc
356 2628 501 2667 vadere
532 2643 657 2667 cern0.
703 2625 832 2668 Titin.
856 2627 911 2668 50
941 2642 1083 2680 pucras
1113 2629 1228 2667 hasce
1249 2651 1305 2656 -
1326 2629 1523 2680 suspirare
1554 2630 1668 2668 crevi.
1704 2626 1812 2670 Ace.

248 2696 334 2737 312
356 2708 419 2749 sq.
451 2711 578 2749 neque
609 2702 648 2736 te
669 2711 796 2749 neque
817 2711 1051 2749 quemquam
1076 2697 1251 2736 arbitror
1270 2698 1379 2736 Tuae
1399 2698 1651 2749 paeniturum
1670 2698 1811 2738 laudis.

249 2766 331 2808 317
365 2767 446 2806 Nec
476 2766 710 2819 perdoliscit
747 2766 834 2818 fligi
865 2767 1007 2816 socios,
1045 2770 1171 2806 morte
1202 2780 1357 2818 campos
1388 2766 1555 2817 contegi.
1614 2765 1695 2808 321
1729 2768 1810 2809 Ma-

246 2841 379 2877 vortes
410 2837 531 2877 armit
562 2837 640 2876 duo
672 2850 901 2888 congressos
933 2836 1120 2876 crederes,
1163 2834 1247 2876 395
1279 2836 1372 2875 dum
1384 2836 1656 2889 ‘interruptum
1676 2837 1811 2878 credas
