2080 3480
879 255 1166 296 -51-

247 369 305 411 35
326 371 423 423 quid
442 371 495 411 sit
524 371 628 410 facto
649 384 746 423 opus
767 370 975 410 decernite.
1019 368 1073 411 50
1094 381 1154 423 sq.
1173 371 1290 411 Viam
1309 384 1426 423 quam
1456 369 1639 409 insistam
1658 367 1802 407 dubito

247 444 319 479 aut
355 441 460 491 quod
496 440 757 491 primordium
787 438 997 490 Capissam.
1061 438 1140 479 152
1170 440 1238 479 Nil
1274 440 1497 478 coniectura
1534 437 1647 489 quivi
1677 437 1798 475 inter-

248 509 458 560 pretarier,
497 507 688 556 Quorsum
719 531 773 537 —-
805 508 1093 549 contenderent.
1153 507 1236 549 214
1273 512 1318 548 ut
1354 508 1516 548 sciscam
1553 506 1652 558 quid
1688 506 1797 546 velit.

250 574 334 616 292
364 577 522 624 chare,
560 589 660 626 quae
690 589 757 615 cor
796 580 906 615 tuum
942 578 1134 617 timiditas
1162 578 1330 616 territet.
1390 575 1472 616 377
1511 576 1586 614 scit
1615 597 1671 602 —
1701 574 1799 625 quid

248 644 520 696 promeruerit.
579 640 686 684 Αο0.
722 642 741 683 1
777 644 860 691 Qua
889 660 931 684 re
961 647 1041 685 alia
1070 669 1124 674 —
1155 646 1323 696 effugere
1351 646 1487 697 possis,
1518 644 1656 683 delica.
1715 641 1796 682 103

248 713 331 751 Nec
360 712 451 762 quei
487 714 527 749 te
557 712 731 751 adiutem
761 713 927 753 invenio.
987 712 1069 754 309
1099 714 1221 753 Proin
1250 717 1295 752 tu
1325 713 1367 751 id
1397 710 1459 751 cui
1488 712 1576 760 fiat,
1618 725 1698 750 non
1726 711 1796 762 qui
1830 708 1831 712 ’

249 779 372 818 facias
409 793 600 831 compara.
662 778 745 820 310
782 792 841 834 sq.
880 785 1067 834 quantum
1104 782 1275 821 obfueris
1306 803 1361 808 ——
1392 780 1607 819 Considera
1641 784 1681 818 et
1718 793 1795 831 quo

248 860 406 886 revoces
447 861 635 887 summam
676 850 847 888 exerciti.
907 849 989 890 343
1031 851 1099 901 qui
1135 850 1189 889 sis
1225 850 1388 901 explica.
1449 846 1533 887 485
1570 847 1691 886 Cuius
1726 861 1795 886 vos

249 916 411 955 tumulti
441 929 556 956 causa
585 917 763 956 accierim
794 922 833 958 et
861 920 956 970 quid
984 932 1128 971 parem,
1159 919 1332 958 animum
1352 917 1559 957 advortite.
1603 913 1687 956 608
1707 916 1796 955 Non

248 985 360 1024 vides
397 998 513 1035 quam
549 986 704 1024 turbam
734 1009 789 1015 —
819 987 1012 1026 concites?
1072 985 1155 1026 628
1194 987 1291 1037 quid
1326 986 1458 1037 capias
1488 984 1643 1033 consili,
1683 984 1795 1023 Vide.

251 1049 340 1093 Ino.
370 1050 450 1093 inc.
480 1054 588 1106 trag.
623 1053 703 1094 122
734 1056 838 1102 Quid
866 1057 1029 1095 meritus
1057 1056 1122 1094 hic
1157 1056 1226 1104 sit,
1264 1055 1425 1093 dubium
1462 1054 1505 1092 id
1534 1068 1585 1092 an
1615 1054 1796 1104 cuiquam

250 1121 362 1160 fuat?
406 1120 486 1161 176
510 1135 659 1173 nequeo
681 1145 735 1150 —
756 1123 840 1170 Qua
860 1137 975 1163 causa
995 1137 1169 1163 accusem
1188 1124 1289 1162 hunc
1309 1144 1364 1150 —
1386 1122 1577 1161 evolvere.
1619 1117 1747 1161 Lusc.
1769 1119 1795 1161 2

249 1191 396 1229 bellum
432 1203 518 1228 cum
552 1191 840 1230 Rhodiensibus
878 1192 990 1238 Quod
1025 1193 1160 1239 fuerit,
1203 1188 1300 1241 quid
1336 1203 1407 1240 ego
1445 1190 1509 1228 hic
1539 1190 1794 1240 praedicem?

250 1253 413 1310 Turpil.
447 1255 498 1297 13
540 1257 645 1297 nosti
686 1271 802 1309 quam
842 1259 896 1298 sit
930 1259 1071 1309 gracili
1108 1272 1278 1310 corpore.
1341 1256 1394 1298 14
1424 1261 1466 1297 ut
1498 1270 1559 1297 res
1597 1258 1650 1297 sit
1679 1261 1793 1308 gesta

249 1326 376 1364 enoda
405 1326 513 1363 mihi.
566 1324 617 1364 16
649 1327 745 1375 quid
773 1327 871 1365 mihi
899 1328 1040 1366 vellem
1070 1337 1117 1365 ex
1146 1327 1355 1366 insolentia
1382 1327 1599 1365 Nescibam.
1641 1322 1794 1366 Afran.

251 1391 336 1432 278
366 1393 421 1432 Ut
449 1393 548 1431 scire
577 1393 713 1443 possis,
744 1394 871 1445 adquo
900 1398 940 1433 te
970 1395 1153 1447 expediat
1181 1394 1300 1445 loqui.
1350 1392 1433 1433 396
1453 1394 1795 1442 Praefestinamus,

251 1475 353 1513 quae
382 1462 436 1501 sit
466 1475 591 1510 causa,
622 1462 793 1511 sciscere,
824 1462 936 1510 Quod
965 1463 1018 1502 sit
1046 1476 1242 1502 necessum
1271 1463 1379 1502 scire.
1429 1458 1579 1514 Pomp.
1600 1458 1708 1503 Bon.
1740 1461 1795 1502 98

253 1542 369 1580 rogas
399 1529 495 1580 quid
524 1529 618 1568 fiat?
664 1527 744 1568 110
774 1530 907 1569 indica
927 1530 1001 1578 Qui
1031 1531 1132 1569 illud
1152 1544 1287 1570 aurum
1308 1531 1526 1569 abstulerit.
1572 1528 1649 1569 131
1672 1544 1797 1581 neque

252 1599 322 1637 1110
353 1598 449 1648 quid
477 1597 618 1636 faciam
647 1598 739 1636 scio.
801 1597 882 1638 138
913 1599 957 1638 Si
986 1600 1105 1638 sciam
1135 1599 1231 1649 quid
1258 1599 1367 1638 velis.
1425 1595 1535 1638 Νῦν.
1567 1596 1622 1637 20
1652 1602 1798 1649 quanto

251 1666 329 1705 siet
348 1665 497 1705 Melior.
539 1660 696 1705 Laber.
719 1663 773 1705 68
794 1666 852 1704 nil
871 1667 1002 1715 refert,
1021 1667 1177 1705 mollem
1198 1680 1219 1705 e
1247 1666 1389 1706 lanitia
1407 1665 1543 1705 Attica
1560 1665 1625 1705 An
1644 1669 1800 1718 pectore

253 1748 303 1773 ex
331 1735 527 1772 hircorum
550 1735 736 1773 vestitum
766 1748 890 1783 geras.
935 1730 1028 1786 Syr.
1050 1734 1155 1774 sent.
1180 1733 1231 1773 13
1262 1748 1396 1773 amans
1426 1735 1523 1785 quid
1552 1735 1686 1785 cupiat
1714 1735 1797 1782 scit,

253 1802 351 1853 quid
370 1802 500 1852 sapiat
518 1815 596 1839 non
615 1802 734 1840 videt.
772 1799 827 1840 22
848 1803 1013 1841 amicum
1034 1816 1084 1840 an
1102 1815 1243 1840 nomen
1261 1802 1415 1851 habeas,
1436 1802 1565 1852 aperit
1584 1803 1798 1840 calamitas.

256 1868 311 1909 45
342 1870 411 1920 qui
439 1882 517 1907 non
546 1870 666 1908 sentit
695 1883 810 1921 quam
835 1871 937 1908 male
964 1870 1142 1908 dormiat.
1189 1867 1269 1908 142
1299 1863 1479 1908 oblivisci
1508 1870 1577 1920 qui
1606 1870 1670 1908 sis.
1713 1868 1798 1909 360

255 1938 485 1987 intellegere
515 1937 610 1988 quid
647 1938 747 1976 celet
776 1938 879 1977 deus.
929 1935 1009 1977 387
1041 1936 1262 1988 prospicere
1291 1959 1348 1966 —-
1377 1937 1474 1987 quid
1502 1937 1650 1976 bellum
1678 1938 1798 1976 iuvet.

255 2004 341 2045 414
372 2006 467 2057 quid
496 2005 579 2056 ipse
608 2005 673 2054 sis,
703 2019 780 2044 non
799 2005 895 2056 quid
913 2005 1101 2053 habearis,
1132 2005 1236 2043 inter
1265 2008 1332 2043 est.
1384 2003 1467 2044 415
1489 2019 1565 2056 quo
1595 2006 1799 2057 pervenias

256 2074 414 2125 cogites.
474 2071 555 2113 501
587 2075 700 2114 vultu
728 2088 778 2113 an
806 2078 947 2113 natura
976 2073 1131 2125 sapiens
1161 2074 1224 2122 sis,
1255 2074 1421 2112 multum
1451 2074 1556 2113 inter
1586 2077 1655 2114 est.
1716 2073 1798 2114 529

255 2143 416 2182 Nescias
445 2142 541 2193 quid
562 2145 671 2193 optes
701 2145 770 2180 aut
798 2142 893 2192 quid
921 2141 1060 2191 fugias.
1111 2140 1190 2181 571
1224 2142 1426 2180 considera
1456 2142 1552 2193 quid
1572 2143 1691 2191 dicas,
1722 2156 1801 2181 non

258 2210 354 2262 quid
384 2210 539 2260 cogites.
601 2208 683 2249 668
714 2223 792 2248 non
826 2223 940 2260 quam
978 2210 1114 2249 multis
1149 2210 1320 2261 placeas,
1356 2210 1425 2249 sed
1462 2211 1644 2261 qualibus
1675 2211 1799 2250 stude.

256 2276 342 2318 714
372 2278 468 2329 quid
497 2277 659 2328 quisque
687 2277 828 2328 possit,
864 2278 943 2316 nisi
971 2278 1198 2329 temptando
1228 2277 1385 2316 nesciet.
1448 2275 1530 2316 728
1561 2291 1637 2328 quo
1668 2279 1800 2317 animo

258 2347 380 2387 facias
409 2345 509 2384 nihil
539 2345 643 2383 inter
673 2347 740 2384 est.
785 2343 866 2384 729
895 2345 1033 2383 Refert
1062 2358 1177 2396 quam
1207 2345 1294 2395 quis
1324 2346 1422 2384 bene
1443 2346 1562 2384 vivat.
1609 2344 1691 2385 738
1713 2359 1801 2385 san-

256 2415 473 2458 ctissimum
504 2417 563 2452 est
580 2413 800 2451 meminisse
828 2413 891 2451 cui
919 2416 960 2451 te
990 2413 1140 2451 debeas.
1186 2411 1266 2452 767
1297 2413 1418 2452 refert
1447 2414 1489 2451 in
1509 2427 1626 2464 quam
1646 2419 1801 2465 partem

258 2484 476 2534 intellegas.
536 2479 618 2521 802
649 2481 744 2532 quid
772 2481 891 2519 refert
920 2484 1107 2532 quantum
1135 2480 1307 2520 habeas?

375 2549 400 2591 f.
449 2547 750 2591 Coniunctivus
785 2547 828 2589 in
864 2545 1220 2589 enuntiationibus
1257 2547 1509 2601 sumptionis
1546 2547 1645 2590 ficti.
1695 2548 1804 2590 Aoo.

258 2618 345 2659 326
377 2620 421 2659 Si
452 2619 540 2671 quis
578 2622 676 2659 esset
706 2618 784 2658 etc.
842 2613 932 2657 Inc.
962 2614 1041 2657 inc.
1071 2617 1179 2669 trag.
1212 2615 1266 2656 49
1298 2618 1333 2656 si
1361 2618 1580 2669 intellegas.
1641 2614 1805 2671 Turpil-

240 2709 243 2712 ·
264 2686 345 2728 115
376 2699 438 2740 sq.
469 2688 504 2727 si
533 2687 689 2739 quidem
718 2687 771 2726 sit
800 2686 1004 2738 quisquam
1033 2686 1145 2735 deus,
1178 2685 1251 2725 Cui
1280 2698 1353 2735 ego
1384 2686 1459 2725 sim
1489 2700 1615 2726 curae.
1676 2682 1805 2726 Titin.

260 2754 317 2796 26
347 2756 400 2795 Ni
429 2769 500 2794 nos
530 2759 723 2803 texamus,
752 2754 852 2792 nihil
881 2755 945 2792 hic
975 2757 1034 2792 est
1063 2753 1142 2792 eto.
1201 2749 1354 2792 Afran.
1387 2752 1472 2793 350
1502 2755 1615 2805 quasi
1644 2754 1807 2793 verbum

260 2825 430 2864 fecerim.
473 2820 680 2876 Pompon.
701 2819 809 2864 Bon.
832 2821 886 2863 63
917 2823 951 2862 si
971 2845 1026 2851 —
1046 2821 1291 2862 attenderim.
1337 2820 1419 2862 180
1439 2823 1654 2874 Tamquam
1683 2823 1810 2861 frater

260 2892 359 2952 mihi
388 2893 453 2931 sis.
515 2887 609 2945 Syr.
640 2893 744 2932 sent.
775 2889 828 2931 21
861 2891 976 2931 amici
1004 2890 1105 2930 vitia
1134 2890 1168 2929 si
1197 2890 1310 2929 feras.
1361 2888 1413 2928 61
1447 2890 1481 2928 si
1511 2890 1662 2930 offeras.
1722 2888 1806 2930 357

337 2953 341 2956 ,
1472 2955 1520 2988 4*
