2080 3480
897 183 1187 226 —74-

254 299 474 339 auxiliatur
514 298 777 350 hortaturque
818 313 890 339 me.
960 298 1044 340 369
1087 306 1202 340 atrox
1242 293 1394 339 incerta
1433 294 1721 349 instabilisque.
1781 296 1820 350 e)

252 364 387 408 Nullo
408 364 604 408 membro
626 365 912 409 antecedente
942 367 1206 422 respondent
1235 365 1315 410 sibi
1333 367 1481 409 mutuo
1512 363 1597 407 duo
1626 362 1822 407 membra

252 447 331 489 per
364 449 440 491 que
471 437 516 477 et
546 438 585 476 eb
617 433 743 478 elata.
805 433 910 477 Pac.
943 436 1029 479 340
1059 439 1251 493 annisque
1282 439 1321 477 eb
1350 441 1490 478 aetate.
1549 431 1703 475 Afran.
1739 434 1820 476 178

252 507 449 560 longeque
480 507 519 545 ει
548 507 687 546 multis
719 507 812 546 olat.
854 503 890 559 f)
911 503 1197 561 Respondent
1226 504 1307 549 sibi
1334 507 1483 547 mutuo
1513 502 1597 546 duo
1627 500 1822 546 membra

251 586 331 628 per
361 579 440 629 que
468 571 595 616 elata.
638 571 747 616 Ace.
782 574 866 616 612
897 577 1065 617 Pectora
1094 578 1361 629 languentque
1391 579 1613 627 senentque.
1659 568 1838 615 {habers

253 643 307 685 29
340 658 484 696 susque
514 645 640 696 deque
670 646 760 685 fers.

370 712 437 753 64.
490 725 556 759 ae,
597 715 732 767 atque.
784 715 824 766 a)
864 710 968 754 Pac.
1006 714 1061 754 47
1101 716 1275 754 Gradere
1311 716 1433 767 atque
1475 717 1647 753 atrocem
1688 725 1821 751 coerce

253 781 545 822 confidentiam.
608 781 661 822 73
694 797 738 822 ac
766 801 807 816 =
844 781 928 824 303
957 801 999 817 =
1032 780 1140 824 Aeo.
1175 782 1256 824 162
1285 801 1327 816 =
1363 781 1443 823 301
1475 800 1517 816 =
1553 780 1637 823 385
1665 799 1707 815 -··=
1735 778 1819 821 568

261 869 303 884 =
331 850 429 891 575.
473 848 578 892 Pac.
613 850 666 891 79
698 852 831 903 Atque
859 870 900 885 =
930 850 980 891 81
1014 869 1055 885 =
1088 850 1168 892 112
1198 871 1239 886 =
1271 850 1351 892 129
1381 869 1422 884 ==
1451 849 1535 891 238
1564 868 1605 884 =
1632 847 1740 890 Ace.
1761 847 1817 890 69

261 918 650 961 =80=190=
685 919 839 960 251:
875 919 960 960 270
995 919 1155 961 :282
1190 939 1231 953 =
1266 918 1350 973 323
1387 918 1545 960 =341
1583 917 1813 960 =508==

230 987 340 1041 7634
378 1008 417 1021 Ξ
456 987 536 1029 651
576 1007 617 1022 =
651 986 732 1029 ine.
764 987 845 1028 inc.
878 991 986 1040 trag.
1023 988 1103 1028 105
1138 1007 1180 1022 =
1218 987 1299 1027 126
1333 1007 1375 1022 =
1408 984 1517 1028 Aac.
1547 974 1684 1040 praet.
1716 987 1743 1028 s
1771 1006 1812 1020 =

252 1055 367 1097 Atta
399 1056 424 1097 9
454 1076 495 1090 =
524 1054 678 1097 Afran.
711 1056 795 1097 305
825 1076 866 1091 =
895 1056 991 1097 334.
1034 1053 1138 1097 Pac.
1175 1055 1254 1096 187
1277 1057 1350 1095 Ibo
1381 1060 1500 1108 atque
1530 1056 1691 1095 edicam.
1734 1054 1816 1096 257

252 1125 541 1177 Pedetemptim
572 1138 617 1164 ac
647 1126 783 1164 sedato
815 1126 914 1165 nisu.
976 1124 1056 1166 371
1091 1126 1255 1176 dignum
1285 1129 1403 1177 atque
1433 1125 1651 1175 indignum.
1710 1120 1818 1164 Ace.

256 1193 336 1234 135
376 1194 586 1245 perturbas
622 1207 704 1232 rem
737 1217 791 1222 —-
822 1209 867 1233 ac
904 1196 1120 1247 resupinas.
1184 1193 1265 1234 178
1303 1195 1345 1232 in
1384 1195 1497 1233 celsis
1532 1194 1732 1232 montibus
1764 1216 1818 1221 ——

252 1268 370 1315 atque
389 1263 495 1302 inter
514 1263 645 1302 colles.
687 1260 771 1304 208
792 1267 938 1303 matres
958 1264 1190 1316 conquinari
1209 1263 1350 1313 regias,
1364 1262 1635 1303 Contaminari
1655 1262 1820 1314 stirpem

251 1346 295 1372 ac
325 1332 483 1371 misceri
513 1345 648 1383 genus.
701 1331 786 1373 266
809 1333 993 1385 Spartam
1025 1338 1143 1385 atque
1173 1333 1367 1384 Amyclas.
1418 1330 1502 1372 403
1533 1332 1672 1372 lascivi
1701 1335 1819 1383 atque

250 1403 411 1442 alacres.
472 1399 554 1441 581
593 1403 763 1442 candido
801 1417 919 1442 curru
955 1407 1073 1454 atque
1111 1402 1232 1454 equis.
1293 1400 1376 1441 619
1413 1415 1577 1457 regnum
1608 1425 1663 1431 --
1700 1405 1819 1452 atque

251 1484 355 1523 opes.
417 1468 501 1511 623
539 1476 609 1510 tua
649 1473 761 1510 aufer
798 1472 988 1510 terricula
1024 1475 1143 1522 atque
1174 1471 1347 1510 animum
1378 1493 1432 1497 —
1463 1471 1673 1522 conprime.
1733 1469 1813 1510 631

253 1553 341 1579 aere
373 1544 491 1591 atque
521 1540 636 1578 ferro.
689 1538 772 1579 636
804 1540 999 1578 indomito
1029 1554 1136 1578 more
1167 1544 1285 1591 atque
1315 1540 1445 1579 animo
1475 1539 1656 1578 barbaro.
1701 1534 1817 1580 Lao-

254 1605 429 1647 medon:
461 1608 652 1647 Memoria
688 1609 884 1648 volvenda
913 1613 1032 1659 atque
1062 1609 1175 1648 fama.
1234 1605 1315 1647 ino.
1351 1604 1432 1647 inc.
1464 1609 1572 1660 trag.
1605 1605 1659 1647 32
1689 1607 1820 1647 Danai

252 1681 371 1728 atque
403 1700 457 1704 —
478 1677 739 1728 Mycenenses.
792 1675 845 1716 73
877 1677 1027 1716 Adsum
1058 1681 1176 1729 atque
1207 1677 1374 1716 advenio
1406 1700 1460 1704 —
1491 1677 1559 1716 via
1588 1677 1671 1716 alta
1701 1680 1819 1728 atque

251 1746 386 1785 ardua.
451 1744 532 1785 153
563 1747 679 1785 Litus
715 1750 834 1797 atque
872 1760 950 1786 aer.
1015 1745 1095 1786 156
1126 1757 1188 1798 sq.
1220 1746 1407 1785 Animum
1444 1746 1608 1786 advorte
1638 1760 1683 1785 ac
1712 1746 1819 1785 dicto

250 1828 354 1866 pare.
417 1813 509 1854 220·
539 1815 719 1853 frondem
750 1829 794 1853 ac
823 1814 949 1853 flores.
1011 1813 1095 1854 258
1134 1815 1330 1865 sortisque
1360 1819 1479 1865 atque
1509 1814 1729 1865 auspicium
1757 1827 1817 1852 re-

249 1884 422 1935 petebat.
465 1880 572 1924 Ace.
598 1883 735 1936 praet.
763 1882 814 1924 15
844 1897 906 1923 me
938 1883 1077 1923 dicabo
1108 1888 1227 1935 atque
1258 1884 1430 1923 animam
1460 1883 1605 1923 devoro
1624 1882 1817 1922 hostibus.

251 1948 416 2004 Turpil.
456 1951 481 1991 6
527 1953 660 2003 cogita
703 1967 748 1991 ac
796 1952 985 1991 delibera.
1060 1951 1116 1992 25
1161 1952 1331 2004 pessime
1374 1966 1419 1991 ac
1467 1952 1702 1991 sacerrime?
1761 1950 1817 1992 28

250 2022 380 2061 Homo
422 2021 540 2061 unica
582 2025 643 2061 est
684 2025 829 2061 natura
870 2035 916 2060 ac
958 2021 1188 2072 singularia.
1249 2020 1303 2061 29
1345 2021 1489 2061 mirum
1529 2021 1732 2073 ingenium
1773 2035 1819 2062 ac

251 2091 491 2130 delinificam
529 2091 744 2129 mulierem.
807 2089 861 2129 39
892 2090 1046 2129 Modice
1076 2095 1196 2142 atque
1224 2105 1351 2143 parce.
1411 2089 1464 2130 41
1499 2091 1591 2130 odio
1620 2105 1666 2130 ac
1696 2092 1816 2130 senio.

250 2157 306 2199 56
350 2160 544 2211 optimum
575 2183 632 2188 —
669 2164 788 2211 atque
831 2159 1121 2209 aequissimum.
1182 2157 1237 2199 96
1279 2160 1490 2200 inscientia
1526 2173 1572 2199 ac
1608 2160 1816 2199 dementia.

253 2226 336 2267 100
380 2232 556 2267 sectatur
598 2228 705 2266 ultro
748 2242 793 2266 ac
837 2227 1000 2266 detinet.
1065 2226 1145 2267 106
1182 2242 1232 2266 ne
1268 2242 1329 2267 me
1366 2230 1515 2279 attigas
1552 2232 1671 2280 atque
1707 2229 1818 2268 aufer

250 2296 420 2335 Manum.
467 2294 550 2336 160
571 2297 712 2335 omitte
743 2310 789 2335 ac
820 2297 965 2335 desere.
1013 2295 1094 2336 162
1125 2298 1229 2336 fama
1258 2311 1303 2337 ac
1332 2298 1510 2349 flagitiis.
1556 2294 1638 2336 180
1668 2300 1818 2336 certum

251 2378 295 2403 ac
336 2365 601 2404 deliberatum
644 2370 712 2404 est.
784 2363 863 2405 187
903 2366 1025 2405 Thais
1068 2371 1186 2418 atque
1222 2367 1415 2406 Erotium.
1478 2364 1562 2405 190
1596 2365 1818 2404 lenitudine

250 2432 309 2471 Ac
347 2433 553 2472 suavitate.
618 2432 697 2473 197
736 2434 956 2473 tuniculam
993 2448 1038 2473 ac
1076 2435 1265 2474 strofium.
1332 2433 1414 2474 207
1455 2434 1657 2484 egredere,
1698 2437 1818 2485 atque

251 2502 404 2541 utinam
452 2502 556 2541 istuc
596 2506 831 2553 perpetuum
879 2503 1000 2541 itiner
1041 2504 1096 2542 sit
1136 2503 1224 2541 tibi.
1296 2501 1381 2543 210
1422 2508 1516 2542 tuae
1555 2502 1817 2553 benignitatis

247 2571 383 2622 Atque
421 2570 679 2622 obsequellae.
739 2568 825 2610 203
864 2570 946 2610 Dat
985 2571 1093 2610 ultro
1136 2584 1181 2610 ac
1221 2575 1460 2610 muneratur.
1519 2566 1650 2611 Titin.
1692 2570 1712 2612 1
1755 2572 1816 2611 in-

249 2644 415 2680 auratae
445 2643 567 2692 atque
596 2640 785 2678 inlautae.
847 2637 873 2678 5
905 2652 971 2677 ero
1009 2643 1128 2690 atque
1163 2653 1254 2679 erae
1281 2643 1451 2679 nostrae.
1515 2638 1567 2680 14
1602 2641 1817 2680 semitatim

248 2709 336 2760 fugi
367 2712 488 2760 atque
519 2708 641 2759 effugi
671 2711 835 2759 patrem.
879 2705 931 2747 21
955 2706 1128 2759 Aspeota
1156 2708 1321 2748 formam
1341 2713 1461 2761 atque
1481 2723 1523 2749 os
1553 2710 1816 2762 contemplato

246 2792 386 2819 meum.
443 2775 526 2818 140
556 2777 683 2818 vende
713 2777 892 2816 thensam
928 2790 973 2816 ac
1001 2776 1138 2816 mulos.
1180 2773 1334 2818 Afran.
1366 2775 1393 2817 9
1422 2791 1536 2818 ruere
1565 2792 1610 2818 ac
1638 2782 1816 2819 tremere.

250 2846 303 2888 13
334 2853 376 2888 te
406 2849 606 2888 blaterare
637 2851 757 2899 atque
788 2846 976 2898 obloqui?
1022 2844 1073 2886 15
1103 2850 1186 2886 tam
1216 2847 1349 2897 sagaci
1370 2846 1485 2886 corde
1508 2851 1627 2900 atque
1656 2840 1816 2900 ingenio
