2080 3480
891 199 1179 241 —33—

368 489 434 529 43.
487 483 534 527 Si
563 485 649 526 iam
680 483 735 526 ad
756 482 955 526 notiones
985 484 1224 538 praedicati
1255 485 1510 541 spectandas
1531 499 1608 527 nos
1639 498 1813 527 eonver-

252 558 392 608 timus,
425 568 606 609 quarum
626 552 876 607 potissimae
898 557 998 594 sunt
1018 554 1195 596 verbum
1217 559 1261 597 et
1281 549 1550 608 adiectivum,
1582 554 1666 598 duo
1688 555 1816 597 antea

252 622 625 668 commemoranda
663 626 804 675 erunt,
844 620 1004 675 ellipsis
1042 622 1161 665 verbi
1200 623 1454 667 substantivi
1486 623 1695 680 (copulae)
1734 637 1817 665 esse

252 699 294 736 et
335 691 584 736 adverbium
624 691 721 734 loco
763 690 1003 744 praedicati
1039 696 1306 745 usurpatum.
1366 693 1466 735 Esse
1509 693 1711 736 omissum
1753 696 1819 734 est

252 762 416 806 Turbil.
441 763 519 804 141
553 764 612 803 ita
643 766 885 803 conventum.
928 758 1038 802 Nov.
1061 761 1116 802 45
1137 774 1199 815 sq.
1221 765 1390 815 pecunia
1411 764 1540 812 Quid?
1585 760 1678 818 Syr.
1710 766 1816 804 sent.

254 835 351 876 544.
375 834 458 875 753
490 834 664 873 stultum.
711 830 792 871 756
824 836 1004 883 suspecta
1034 846 1188 883 semper
1208 837 1438 872 ornamenta
1458 834 1689 873 ementibus,
1734 832 1816 873 775

253 907 387 945 ulcera
424 904 545 943 animi
582 902 756 941 sananda
785 901 911 951 magis
949 915 1066 952 quam
1105 902 1291 953 corporis.
1350 898 1619 943 Adverbium
1649 899 1817 954 praedi-

256 972 342 1015 cati
362 971 459 1014 vice
489 969 678 1024 fungitur
698 968 804 1012 Aeo.
830 969 911 1010 120
931 971 1071 1010 horum
1102 968 1287 1024 aequiter
1307 973 1527 1011 sententiae
1547 973 1684 1011 Fuere.
1725 968 1817 1011 Ino.

255 1041 336 1085 ine.
373 1044 481 1094 trag.
520 1039 574 1080 92
617 1041 851 1091 ubicumque
890 1044 950 1079 est
990 1037 1100 1079 bene.
1169 1036 1272 1080 Pae.
1313 1038 1395 1080 153
1433 1041 1517 1079 Ista
1555 1041 1585 1079 si
1628 1037 1689 1079 ita
1728 1044 1819 1079 sunt

256 1112 470 1164 promerita
500 1114 639 1149 vestra.
698 1105 853 1148 Afran.
885 1107 968 1148 406
1008 1123 1084 1148 noa
1114 1107 1176 1147 ita
1209 1113 1277 1148 est.
1336 1105 1490 1160 Pomp.
1520 1106 1632 1155 Bon.
1664 1107 1718 1148 36
1751 1106 1821 1147 Ita

261 1182 322 1220 sit.
364 1176 467 1220 Pac.
490 1176 574 1219 248
596 1175 768 1217 Pariber
798 1181 838 1216 te
869 1191 953 1216 esse
984 1191 1078 1229 erga
1108 1178 1222 1217 illum
1251 1178 1379 1228 video,
1410 1179 1456 1217 ut
1487 1178 1600 1217 illum
1630 1178 1698 1217 ted
1728 1191 1822 1228 erga

258 1251 347 1288 scio.
408 1247 490 1287 277
532 1246 687 1286 Parum
726 1251 794 1285 est.
855 1243 962 1286 Ace.
995 1245 1079 1286 262
1119 1259 1180 1298 sq.
1220 1248 1376 1286 obviam
1413 1248 1569 1286 Fuerat.
1631 1245 1714 1286 436
1754 1244 1820 1284 ob-

260 1316 420 1357 viamst.
482 1312 634 1356 Afran.
667 1313 751 1355 276
790 1312 894 1354 satis
933 1319 992 1354 est
1029 1334 1071 1349 =
1111 1312 1219 1355 Pall.
1250 1313 1331 1355 inc.
1363 1313 1443 1355 inc.
1478 1315 1530 1355 79
1570 1334 1612 1349 =
1653 1313 1736 1355 100
1774 1333 1815 1348 =

258 1382 351 1438 Syr.
392 1386 497 1424 sent.
538 1383 634 1423 677.
703 1380 757 1422 ib.
797 1382 881 1422 443
925 1385 1031 1435 quod
1075 1381 1178 1422 satis
1216 1388 1284 1422 est.
1354 1381 1516 1435 Turpil.
1561 1383 1642 1423 144
1680 1384 1822 1434 quibus

259 1455 416 1506 quidvis
454 1456 519 1492 sab
558 1457 626 1491 est.
687 1448 817 1491 Titin.
851 1451 905 1491 38
941 1450 1052 1491 Satis
1090 1466 1182 1491 esse.
1242 1449 1394 1492 Afran.
1427 1451 1506 1492 401
1551 1453 1631 1491 sint
1663 1450 1822 1503 procul.

259 1519 417 1561 Laber.
451 1520 504 1560 76
536 1519 633 1559 bene
664 1535 757 1559 esse.
799 1517 951 1560 Afran.
986 1520 1039 1560 78
1072 1519 1169 1559 bene
1201 1525 1269 1559 est.
1313 1520 1363 1560 21
1398 1522 1615 1572 meliusque
1645 1524 1705 1559 est
1735 1519 1822 1558 tibi.

265 1586 358 1643 Syr.
391 1592 496 1630 sent.
530 1589 612 1629 699
637 1603 767 1641 prope
797 1595 856 1628 est
894 1609 936 1623 =
976 1590 1070 1629 700.
1131 1588 1283 1642 Pomp.
1314 1588 1423 1632 Bon.
1456 1590 1509 1630 65
1544 1588 1639 1628 Sero
1678 1594 1737 1628 est
1774 1607 1816 1622 =

262 1656 350 1713 Syr.
385 1660 491 1698 sent.
527 1657 620 1699 745.
681 1654 832 1698 Afran.
865 1657 919 1698 92
950 1656 1009 1698 sie
1041 1663 1099 1698 est
1130 1662 1272 1699 orator.
1336 1654 1428 1712 Syr.
1461 1660 1564 1700 sent.
1597 1656 1680 1699 803
1711 1658 1823 1711 peius

262 1734 330 1767 est.
393 1725 555 1778 Turpil.
592 1726 671 1766 105
703 1741 819 1777 quam
851 1725 968 1776 lonye
999 1732 1067 1765 est.

850 1872 1065 1918 Syntaxis
1096 1873 1235 1909 verbi.

379 1954 446 1994 44.
491 1950 664 1993 Genera
683 1952 811 1994 verbi.
853 1951 991 1995 Verbi
1011 1953 1197 1994 adsentio
1227 1957 1396 1995 tantum
1417 1952 1558 1995 activa
1586 1952 1726 1995 forma
1756 1966 1820 1994 re-

262 2021 441 2076 peritur,
474 2020 579 2062 Aeo.
613 2022 667 2062 50
698 2024 900 2062 Adsentio.
960 2023 1043 2063 476
1076 2025 1260 2064 adsensit.
1310 2022 1463 2076 Pomp.
1494 2022 1605 2065 Bon.
1641 2024 1720 2064 167
1754 2026 1820 2064 ad-

263 2093 448 2131 sentiant.
493 2088 735 2130 Transitiva
763 2089 1067 2143 significatione
1088 2095 1342 2145 usurpatum
1364 2094 1430 2133 est
1450 2089 1579 2133 Titin.
1598 2091 1678 2132 148
1700 2097 1823 2133 semet

262 2185 317 2189 —
349 2162 618 2210 Emigrarunt.
681 2157 881 2199 Activam
917 2157 1096 2199 formam
1134 2158 1267 2202 habes
1296 2160 1403 2202 Ace.
1436 2162 1516 2202 601
1556 2160 1600 2201 in
1629 2159 1821 2214 perfeeto

263 2227 451 2280 comperi,
491 2226 596 2267 item
628 2240 664 2268 v.
698 2226 782 2268 350
812 2224 857 2266 in
888 2226 998 2281 defit.
1052 2223 1299 2279 Singulares
1335 2228 1492 2282 passivi
1529 2227 1693 2271 formae
1724 2232 1824 2270 sunt

260 2295 363 2338 Pae.
400 2297 481 2337 100
515 2297 558 2336 Si
590 2311 668 2347 qua
692 2297 882 2347 potestur
913 2296 1146 2345 investigari
1175 2298 1251 2336 via.
1311 2294 1505 2338 Verbum
1538 2297 1673 2337 cluere
1704 2296 1823 2337 cuius

261 2363 402 2406 activa
432 2363 572 2405 forma
611 2365 730 2404 extat
761 2361 867 2404 Ace.
902 2362 985 2403 533
1016 2364 1122 2413 ignis
1154 2363 1261 2403 cluet
1291 2388 1347 2393 —
1378 2366 1527 2405 divisus
1560 2367 1603 2405 et
1631 2363 1711 2405 ine.
1741 2363 1822 2406 ine.

260 2436 370 2485 trag.
404 2433 459 2473 42
492 2434 588 2471 haec
618 2456 674 2460 ——
706 2430 815 2470 eluet
845 2432 1034 2480 Minerva,
1065 2429 1215 2471 eadem
1245 2429 1552 2485 significatione
1582 2430 1626 2472 in
1655 2431 1824 2485 passiva

259 2500 401 2543 forma
437 2503 694 2554 usurpatum
731 2501 796 2540 est
827 2512 853 2540 a
881 2497 985 2540 Pac.
1021 2498 1102 2539 194
1142 2498 1329 2539 cluentur
1358 2502 1559 2553 hospitum
1589 2502 1823 2542 infidissimi.

258 2568 361 2611 Pac.
396 2570 481 2611 390
518 2571 734 2622 nequitum.
794 2566 901 2609 Aoo.
935 2567 1018 2608 664
1056 2569 1196 2615 Quitus
1235 2583 1330 2608 sum.
1392 2566 1520 2609 Titin.
1552 2568 1604 2609 97
1644 2571 1822 2610 saciatur.

256 2638 416 2682 Laber.
459 2638 515 2680 26
553 2639 772 2690 ignescitur
808 2656 850 2671 =
886 2635 1078 2690 ignescit.
1138 2633 1458 2690 Deponentium
1495 2636 1690 2690 exempla
1726 2642 1824 2679 sunt

255 2708 382 2751 haec:
413 2705 518 2749 Pae.
555 2707 638 2748 180
668 2708 839 2748 confieri.
900 2703 1007 2747 Ace.
1046 2707 1182 2758 praet.
1215 2705 1269 2746 23
1302 2708 1479 2746 conitier.
1539 2705 1646 2747 Ace.
1686 2710 1820 2760 praet.

256 2779 311 2820 26
344 2779 540 2827 contueri;
572 2774 725 2829 Pomp.
756 2773 866 2817 Bon.
900 2775 953 2817 69
985 2776 1110 2828 incipi
1143 2774 1296 2815 contai.
1340 2773 1442 2817 Pac.
1472 2774 1555 2817 154
1586 2777 1747 2816 fatiscar
1774 2797 1815 2812 =

254 2849 361 2890 Aee.
402 2848 487 2890 330
531 2844 659 2901 (Non.
692 2846 789 2898 307,
825 2845 889 2887 10.
929 2845 1032 2897 479,
1075 2844 1155 2898 15).
1214 2841 1317 2888 Pae.
1357 2845 1440 2886 365
1478 2846 1706 2886 auxiliatur.
1765 2844 1821 2888 ib.
