2080 3480
898 169 1188 212 —60—

377 283 491 324 intus
522 280 685 336 Turpil.
721 282 742 323 1
776 284 884 324 intus
915 286 1068 325 cessas?
1099 284 1166 326 51.
1214 282 1366 326 Afran.
1389 283 1484 325 399.
1508 306 1562 311 ——
1584 280 1695 323 ultra
1728 278 1821 337 Syr.

257 355 367 394 sent.
402 351 495 393 160.

369 433 496 474 porro
526 418 701 473 proprie
733 418 785 461 de
816 418 913 462 loco
939 419 1106 473 dicitur,
1137 420 1213 463 sed
1243 419 1372 463 etiam
1402 418 1457 462 ad
1486 421 1654 472 tempus
1684 420 1823 460 trans-

260 488 399 531 fertur
441 490 484 530 et
527 487 685 530 dicitur
729 487 860 530 etiam
903 487 956 529 de
1000 488 1319 531 continuatione
1362 486 1552 531 actionis.
1602 485 1706 528 Pac.
1739 486 1820 527 211

260 555 329 611 (de
359 557 583 610 tempore).
623 556 721 598 215.
758 556 840 598 inc.
871 556 952 598 inc.
983 559 1091 612 trag.
1128 558 1179 599 79
1210 573 1329 611 porro
1359 563 1404 598 ut
1434 559 1580 598 audias.
1644 555 1724 597 103
1756 557 1825 608 qui

261 631 440 665 nostrum
476 640 595 678 porro
632 631 834 679 propagat
869 641 1003 678 genua
1061 624 1215 668 Afran.
1249 626 1302 667 74
1332 628 1456 667 Porro
1486 631 1617 667 autem
1646 638 1824 679 propero.

261 694 360 735 247.
394 694 479 735 360
510 696 647 734 sinunt
678 696 720 734 di
752 700 791 734 et
821 709 940 746 porro
970 710 1152 747 passuros
1182 697 1272 735 scio.
1332 692 1489 736 Laber.
1525 694 1617 736 125.

382 773 539 815 obviam.
581 772 689 815 Acc.
734 773 831 815 262.
873 774 957 815 436
1001 776 1203 814 obviamst.
1283 772 1435 827 Pomp.
1478 771 1587 817 Bon.
1634 772 1727 816 125.
1771 798 1825 803 —

263 840 423 883 Laber.
457 842 511 883 29
543 857 685 894 susque
717 843 841 894 deque
871 844 948 881 fers
978 861 1019 876 =
1047 839 1189 882 animo
1221 853 1359 894 aequo
1390 855 1446 883 es.

375 921 527 974 procul
563 919 671 962 Acc.
704 921 798 961 675.
853 919 1004 973 Pomp.
1044 920 1068 960 5
1111 922 1299 960 Rhoe-teis
1341 924 1479 974 procul
1521 938 1543 962 a
1585 924 1703 962 terris
1746 923 1825 963 etc.

265 987 419 1031 Afran.
451 989 537 1031 200
567 991 703 1043 procul
735 1004 969 1030 concessero.
1014 988 1097 1029 242
1129 990 1264 1029 abesse
1296 1015 1350 1019 —
1380 992 1507 1043 pocul.
1561 989 1641 1031 401
1675 1005 1828 1044 semper

264 1061 347 1099 sint
377 1061 515 1111 procul
546 1064 680 1098 nostra
710 1060 824 1098 mala.
886 1055 1014 1098 Titin.
1051 1057 1143 1097 124.

382 1135 532 1177 circum
568 1134 676 1178 Acc.
718 1136 819 1188 5713
873 1134 976 1178 Pac.
1017 1136 1071 1178 86
1116 1138 1262 1177 circum
1304 1153 1510 1192 supraque.
1543 1163 1597 1168 —
1628 1151 1825 1194 nusquam

264 1203 358 1259 Syr.
391 1206 497 1246 sent.
532 1205 626 1245 102.
660 1205 756 1246 533.

364 1282 484 1339 foris
516 1281 668 1325 Afran.
704 1284 797 1325 130.
843 1282 972 1325 Titin.
1009 1285 1103 1326 146.
1146 1283 1298 1338 Pomp.
1330 1283 1442 1327 Bon.
1474 1285 1541 1327 85.
1587 1284 1716 1340 foras
1745 1284 1826 1327 inc.

260 1352 342 1393 inc.
375 1355 483 1404 trag.
521 1353 572 1393 19
606 1353 674 1405 (ex
706 1351 813 1393 coni.
846 1349 1065 1404 Gruteri.).
1110 1351 1241 1406 Turp.
1278 1353 1371 1394 150.
1406 1352 1499 1393 154.
1532 1353 1586 1393 53
1617 1355 1826 1405 Forasque.

261 1418 392 1463 Titin.
427 1420 509 1463 146
541 1422 664 1462 Foras
696 1422 816 1463 exire.
867 1419 1019 1475 Pomp.
1051 1419 1161 1466 Bon.
1197 1421 1290 1463 142.

381 1514 457 1554 quo
489 1513 582 1541 esse
613 1502 759 1553 potest
789 1503 863 1542 aut
892 1500 1245 1555 interrogativum
1267 1503 1342 1542 aut
1359 1499 1585 1541 relativum
1605 1503 1681 1541 aut
1710 1499 1827 1542 inde-

264 1567 444 1610 finitum.
496 1566 599 1610 Pac.
633 1569 716 1611 368
749 1585 825 1622 quo
857 1595 911 1599 —-
944 1585 999 1610 6ο.
1044 1570 1128 1612 370
1159 1586 1235 1622 quo
1266 1584 1349 1610 sese
1380 1571 1562 1622 adplicet.
1612 1567 1720 1610 Ace.
1743 1569 1823 1610 311

265 1653 343 1689 quo
375 1651 543 1677 revoces.
595 1636 679 1678 232
712 1640 796 1685 Quo
827 1653 888 1677 mc
919 1639 1148 1678 ostendam?
1177 1637 1258 1678 ino.
1289 1635 1370 1677 inc.
1402 1638 1510 1690 trag.
1546 1636 1597 1678 12
1629 1638 1714 1685 Quo
1744 1652 1827 1678 sese

264 1710 424 1746 vertant
467 1707 546 1746 etc.
612 1704 719 1747 Ace.
761 1708 898 1759 praet.
946 1706 981 1747 7.
1036 1704 1139 1747 Pac.
1189 1706 1269 1747 134
1312 1721 1490 1758 quonam.
1551 1703 1713 1759 Turpil.
1758 1706 1826 1747 50.

264 1771 393 1814 Titin.
427 1773 482 1815 46
525 1789 573 1814 ne
617 1790 694 1827 quo
737 1777 789 1815 ad
825 1790 959 1816 cenam
997 1777 1133 1815 exiret.
1194 1775 1249 1816 93
1287 1790 1364 1828 quo
1402 1779 1442 1815 te
1473 1775 1682 1816 avortisti?
1745 1773 1825 1816 126

263 1844 323 1882 Ι)6
354 1845 445 1882 aedi
475 1858 634 1892 summa,
667 1858 744 1895 quo
775 1846 954 1884 avolavit
982 1846 1110 1895 gallus
1140 1846 1393 1894 gallinaceus.
1443 1840 1595 1883 Afran.
1627 1842 1710 1883 345
1742 1845 1826 1891 Quo

264 1915 309 1950 tu
352 1912 575 1951 conmetas‘?
634 1908 786 1964 Pomp.
825 1910 935 1953 Bon.
979 1912 1059 1953 159
1097 1913 1307 1952 Hominem
1343 1913 1518 1960 beatum,
1563 1926 1639 1963 quo
1677 1913 1744 1962 (=
1772 1909 1827 1952 ad

265 1978 407 2033 quem)
430 2003 484 2008 —
504 1980 769 2032 pervenibunt
800 1981 880 2021 etc.
913 1979 979 2020 45.
1016 1979 1108 2020 126.
1163 1977 1320 2021 Laber.
1353 1977 1408 2021 33
1440 1980 1523 2028 Quo
1545 2004 1600 2009 —
1628 1981 1824 2032 progredi.

270 2046 363 2089 100.
398 2047 478 2087 119
501 2049 612 2095 Quo?
653 2045 809 2088 Publil.
842 2044 935 2101 Syr.
971 2047 1022 2088 15
1046 2049 1129 2096 Quo
1162 2048 1224 2100 (=
1255 2060 1382 2100 quam
1412 2047 1467 2090 ad
1495 2047 1602 2102 rem)
1624 2072 1680 2078 —
1701 2053 1824 2101 optas.

270 2114 350 2156 169
382 2131 458 2169 quo
490 2140 545 2145 —
576 2118 721 2156 eodem.
758 2115 821 2157 11.
855 2112 948 2170 Syr.
981 2119 1086 2158 sent.
1119 2116 1215 2158 415.

382 2197 425 2224 eo
456 2183 564 2225 Acc.
591 2183 684 2225 128.
729 2182 857 2226 Titin.
884 2184 976 2226 178.
1019 2182 1171 2227 Afran.
1205 2185 1297 2226 168.
1345 2182 1438 2241 Syr.
1460 2188 1565 2228 sent.
1592 2185 1671 2227 162
1704 2187 1825 2238 (unde

265 2279 319 2283 —
352 2256 427 2306 eo).
460 2279 514 2283 —-

381 2321 521 2376 quovis
550 2320 660 2362 Aoo.
692 2321 775 2363 599
814 2338 849 2375 q.
887 2323 1074 2374 gentium.
1136 2319 1230 2377 Syr.
1264 2325 1368 2363 sent.
1403 2322 1497 2363 717.
1557 2321 1691 2363 eodem
1721 2319 1823 2363 Pac.

265 2389 320 2430 92
352 2391 488 2430 eodem
519 2392 710 2430 occidunt.
764 2387 856 2444 Syr.
889 2392 994 2431 sent.
1030 2390 1122 2432 169.

381 2467 459 2507 huc
494 2466 602 2508 Acc.
645 2468 726 2508 123
755 2488 797 2503 =
828 2469 921 2509 124.
959 2469 1043 2510 209
1081 2472 1195 2509 Adde
1233 2472 1318 2509 huc.
1372 2468 1470 2509 289.
1509 2467 1604 2508 677.
1644 2465 1765 2509 Ovid.
1798 2468 1824 2510 2

264 2540 371 2577 feror
406 2536 484 2576 huc
527 2536 645 2577 illue.
709 2534 840 2589 Turp.
882 2538 974 2578 178.
1018 2536 1170 2578 Afran.
1209 2537 1262 2577 57
1306 2538 1381 2576 huc
1423 2538 1534 2576 adde.
1597 2536 1689 2578 109.
1731 2537 1823 2579 l37.

264 2604 373 2647 Αο0.
405 2604 492 2646 292
523 2607 605 2645 hoc.
638 2630 693 2635 ——
725 2602 855 2657 Turp.
889 2605 942 2645 79
981 2604 1088 2645 istuc
1119 2606 1389 2657 conmigravit.
1450 2601 1577 2645 Titin.
1612 2605 1692 2647 133
1724 2608 1825 2647 abiit

259 2688 443 2727 pereyo-e.
460 2698 516 2704 —
538 2687 726 2729 quorsum
747 2671 851 2714 Pac.
878 2673 970 2714 152.
993 2672 1089 2714 226.
1120 2673 1215 2714 Att.
1238 2676 1373 2726 praet.
1400 2673 1450 2713 12
1472 2688 1635 2725 quosum
1655 2674 1825 2728 scripsit

259 2741 389 2786 Ribb.
422 2755 505 2785 sec.
536 2740 762 2794 Bothium‚
803 2740 875 2794 qui
906 2756 1107 2794 quorsum;
1143 2739 1241 2782 libri
1279 2756 1452 2794 quorum.
1484 2764 1540 2772 —
1571 2741 1824 2785 dextrorsum

257 2811 367 2855 Ace.
398 2815 536 2867 praet.
570 2811 637 2853 27.
