2080 3480
885 174 1172 215 —52—

248 291 282 330 si
322 290 427 330 belle
462 301 594 339 neges.
655 285 739 328 525
771 289 931 329 minime
962 291 1110 331 amicus
1146 305 1249 340 sum,
1292 290 1471 328 fortunae
1500 288 1699 341 particeps
1728 289 1807 329 nisi

247 361 345 399 siem
381 363 484 398 tuae.
545 355 630 397 530
668 357 772 396 nihil
808 360 973 410 prodest
1008 361 1107 399 bene
1143 364 1184 399 te
1214 359 1415 408 didicisse,
1457 358 1583 397 facere
1619 358 1654 397 si
1683 372 1809 398 cesses

246 428 357 466 bene.
418 425 502 466 563
531 427 638 466 bona
669 440 770 477 quae
799 428 977 477 veniunt,
1007 430 1086 467 nisi
1115 430 1393 476 sustineantur,
1424 427 1662 478 opprimunt.
1723 425 1808 466 662

247 496 413 534 nimium
434 497 494 533 est
515 495 558 533 in
577 498 705 534 morte
724 495 831 544 boni,
862 496 897 535 si
916 497 977 535 nil
1006 497 1083 536 siet
1101 497 1208 536 mali.
1252 494 1334 536 725
1365 496 1469 547 quod
1490 498 1549 533 est
1576 495 1812 544 timendum,

247 564 398 615 decipit
427 563 463 601 si
492 564 690 613 neglegas.
752 562 836 603 746
867 565 902 603 si
930 566 990 603 nil
1019 566 1119 605 velis
1148 566 1304 614 timere,
1341 568 1491 603 metuas
1522 564 1662 603 omnia.
1723 562 1807 603 789

248 632 291 670 ni
321 632 469 683 gradus
499 635 689 681 servetur,
720 633 822 671 nulli
851 636 962 672 tutus
992 636 1052 672 est
1082 647 1251 672 summus
1281 634 1400 672 locus.

366 713 403 754 g.
448 696 707 742 Coniunctio
740 703 786 740 ut
824 712 920 741 cum
962 699 1229 743 conjunctivo
1258 699 1415 742 iuncta.
1475 701 1515 753 a)
1546 703 1593 740 ut
1621 698 1810 754 positum

247 766 292 808 in
314 767 676 810 enuntiationibus
698 766 929 819 obiectivis,
962 781 1070 821 quae
1099 767 1339 822 exprimunt
1366 767 1460 809 fieri
1480 766 1652 822 aliquid,
1683 766 1811 821 effici,

249 835 423 891 prodire
460 849 513 878 ex
550 849 600 879 eo
639 835 753 890 quod
791 834 1026 879 enuntiatio
1064 835 1269 891 primaria
1304 834 1526 890 significat.
1584 835 1691 878 Acc.
1723 836 1811 878 508

250 908 394 946 edicite
430 930 485 935 —-
522 912 577 945 ut.
636 904 739 946 Pac.
781 905 832 945 67
872 910 918 944 ut
958 920 1095 944 verear
1133 907 1279 956 eloqui,
1321 911 1457 956 porcet
1495 911 1558 958 (ε
1593 903 1810 959 prohibet)

248 976 387 1028 pudor.
431 972 485 1014 72
517 978 579 1014 sat
608 988 725 1025 agere
754 977 800 1013 ut
828 987 877 1012 ne
906 974 948 1011 in
979 987 1109 1012 amore
1140 974 1313 1012 animum
1343 987 1515 1025 occupes.
1562 972 1643 1014 153
1674 975 1809 1026 aequi-

248 1057 387 1094 perare
423 1047 469 1081 ut
505 1056 647 1092 queam
677 1043 835 1081 Vereor.
900 1040 979 1080 179
1017 1053 1078 1092 sq.
1109 1042 1242 1080 Habet
1271 1040 1344 1080 hoe
1381 1046 1559 1081 senectus
1596 1043 1639 1080 in
1668 1056 1721 1090 se,
1751 1066 1809 1070 ——

249 1110 382 1163 Spisse
411 1111 458 1149 ut
487 1110 698 1150 videantur
728 1109 859 1148 omnia
891 1109 928 1148 ei
959 1109 1129 1149 confieri.
1170 1122 1207 1150 v.
1242 1108 1322 1150 187
1355 1110 1515 1160 edicam,
1545 1134 1599 1139 —
1629 1114 1675 1150 ut
1704 1114 1808 1150 eant.

246 1178 332 1219 220
362 1183 404 1217 te
425 1201 480 1207 —
502 1179 652 1226 invoco,
683 1178 918 1228 Inquirendi
948 1182 994 1216 ut
1023 1180 1100 1217 mei
1130 1180 1307 1229 parentis
1326 1180 1425 1217 mihi
1450 1183 1687 1230 potestatem
1707 1180 1808 1218 duis.

248 1245 331 1287 305
363 1246 461 1286 satis
490 1245 657 1285 habeam
686 1245 832 1286 virium
861 1249 908 1285 ut
937 1249 978 1285 te
1008 1260 1077 1286 ara
1108 1260 1271 1286 arceam.
1320 1243 1427 1287 Ace.
1458 1245 1542 1287 229
1573 1247 1687 1298 Ipsus
1715 1247 1808 1286 hor-

248 1319 358 1353 tatur
387 1328 449 1353 me
480 1315 620 1362 frater,
657 1317 704 1352 ut
732 1327 840 1352 meos
869 1315 985 1353 malis
1014 1315 1135 1352 miser
1163 1316 1389 1353 Manderem
1417 1319 1542 1354 natos.
1602 1314 1684 1354 369
1717 1329 1808 1353 con-

244 1383 404 1422 tendam
424 1381 706 1421 ut—aveham.
737 1378 928 1433 Pomp.4
949 1385 989 1420 te
1010 1382 1181 1431 obsecro,
1203 1382 1375 1434 Stirpem
1393 1387 1439 1422 ut
1458 1383 1615 1423 evolvas
1633 1397 1809 1422 meorum

247 1451 342 1502 [me]
352 1464 427 1501 que
464 1450 642 1489 notifices
678 1450 787 1489 mihi.
847 1447 938 1490 Ino.
975 1447 1056 1490 inc.
1087 1451 1196 1502 trag.
1231 1449 1279 1489 11
1312 1451 1367 1490 Ut
1402 1464 1443 1490 se
1480 1451 1660 1490 edoceret
1697 1452 1808 1491 obse-

247 1533 359 1558 crans
395 1519 635 1571 Apollinem.
685 1531 722 1558 v.
761 1517 816 1558 23
853 1520 1069 1570 Postquam
1107 1520 1176 1558 abs
1216 1524 1255 1558 te
1285 1543 1340 1548 —
1370 1524 1416 1559 ut
1456 1521 1629 1559 venirem
1670 1521 1811 1571 tetigit.

248 1601 363 1626 aures
393 1588 567 1626 nuntius.
632 1584 713 1626 166
743 1600 868 1638 paene
905 1592 951 1625 ut
987 1588 1335 1638 comprehendatur
1370 1591 1495 1639 parat.
1559 1587 1640 1628 188
1669 1593 1715 1627 ut
1744 1602 1809 1627 re-

248 1656 428 1712 stituam¹
449 1668 558 1706 paro.
617 1651 724 1694 Aeo.
763 1656 900 1706 praet.
933 1654 958 1693 6
989 1656 1045 1693 Te
1076 1678 1130 1682 —-
1161 1656 1315 1704 invoco,
1357 1656 1547 1694 Portenta
1583 1660 1629 1695 ut
1657 1658 1807 1708 populo

247 1714 418 1777 patriae'l
432 1727 667 1763 verruncent
696 1723 805 1762 bene.
857 1719 1019 1774 Turpil.
1052 1721 1106 1762 68
1136 1724 1226 1762 volo
1256 1728 1302 1762 ut
1330 1724 1483 1763 familia
1511 1728 1647 1763 nostra
1677 1725 1808 1764 officia

246 1793 436 1842 fungatur
465 1805 546 1831 sua.
608 1789 659 1830 81
693 1791 889 1830 Hortatur
919 1814 975 1818 —
1005 1795 1051 1829 ut
1093 1791 1364 1842 proficisceret.
1424 1790 1478 1831 86
1509 1805 1633 1831 meres
1662 1793 1807 1832 Merito

245 1865 291 1900 ut
319 1861 502 1911 diligare.
552 1858 606 1900 86
637 1860 734 1899 haec
763 1860 798 1899 si
828 1860 986 1911 inpetro
1017 1860 1086 1899 abs
1116 1864 1157 1899 te
1186 1864 1232 1900 ut
1261 1861 1391 1900 facias.
1435 1858 1489 1900 93
1521 1862 1730 1901 contendas
1760 1866 1808 1901 ut

247 1953 302 1958 —-
322 1930 462 1968 Liceat
490 1929 630 1967 redire.
674 1926 755 1967 211
789 1932 829 1967 te
860 1942 938 1977 oro,
969 1933 1015 1967 ut
1044 1928 1154 1967 illius
1174 1929 1338 1968 miserae
1351 1929 1668 1983 ⁴commiserescas
1699 1931 1804 1970 orbi-

245 1998 408 2036 tudinis.
468 1994 579 2036 Pall.
608 1994 690 2035 inc.
720 1994 801 2035 inc.
833 1996 857 2035 6
891 1998 1004 2045 cavit,
1035 1998 1137 2035 vitia
1172 1998 1233 2035 uti
1272 1999 1590 2037 transcenderent
1618 1999 1809 2039 Auctoris:

245 2078 407 2116 poenae.
469 2061 598 2105 Titin.
629 2063 684 2104 23
715 2065 835 2103 facito
865 2068 912 2103 ut
941 2066 1139 2104 multetur.
1201 2064 1255 2105 33
1286 2066 1460 2116 obsecro,
1502 2067 1556 2106 Ut
1585 2067 1682 2106 mihi
1712 2068 1807 2107 sub-

244 2134 390 2173 venias.
452 2131 507 2173 52
550 2133 709 2171 nuntiet
745 2132 949 2181 Geminae,
992 2137 1037 2172 ut
1078 2147 1139 2172 res
1176 2157 1230 2161 —
1267 2147 1357 2173 suas
1398 2139 1597 2185 procuret,
1640 2137 1806 2176 aedibus

244 2203 438 2241 Facessat.
503 2199 585 2241 130
616 2200 736 2240 facite
765 2201 808 2239 in
837 2214 906 2239 suo
937 2201 1081 2253 quique
1118 2203 1201 2241 loco
1231 2206 1277 2241 ut
1306 2203 1384 2258 sita
1413 2203 1503 2242 sint.
1562 2200 1715 2245 Afran.
1747 2203 1807 2245 83

243 2271 349 2310 Deos
381 2284 453 2320 ego
486 2271 614 2309 omnis
643 2274 690 2308 ut
719 2270 979 2308 fortunassint
1008 2284 1152 2321 precor.
1216 2270 1294 2311 117
1328 2276 1595 2323 comparatum
1625 2277 1695 2321 est,
1724 2287 1804 2312 uno

243 2344 289 2378 ut
326 2340 446 2378 simus
484 2342 691 2377 contentae
727 2338 825 2377 viro.
890 2337 970 2378 142
1000 2339 1250 2390 hortabatur,
1289 2341 1342 2379 Ut
1372 2341 1452 2380 etc.
1516 2338 1595 2379 177
1627 2341 1730 2379 Vide
1758 2345 1805 2380 ut

242 2408 415 2459 puellam
447 2410 593 2446 curent.
653 2404 738 2445 202
769 2407 892 2458 potin'
923 2410 968 2446 ut
996 2407 1087 2447 hinc
1117 2408 1310 2448 facessas?
1368 2405 1577 2460 Pompon.
1607 2404 1716 2448 Bon.
1750 2407 1797 2449 11

242 2477 398 2528 puriter
426 2476 507 2515 Fac
548 2480 594 2515 ut
640 2489 722 2514 rem
763 2479 918 2516 tractes.
978 2475 1029 2516 31
1069 2477 1178 2515 More
1214 2477 1277 2525 fit,
1318 2477 1457 2515 moriri
1493 2490 1602 2515 suam
1639 2478 1809 2529 quisque

241 2558 405 2583 uxorem
435 2548 482 2582 ut
512 2544 621 2583 velit.
672 2540 727 2582 43
758 2544 922 2586 Possum
954 2558 1116 2583 exorare
1145 2548 1185 2583 te
1214 2549 1260 2583 ut
1289 2544 1458 2583 recedas.
1509 2542 1564 2583 50
1593 2545 1729 2585 Facite
1757 2551 1805 2585 ut

239 2613 347 2663 ignis
377 2613 516 2652 fervat.
577 2610 633 2651 92
671 2616 717 2650 ut
754 2613 825 2651 fiat
860 2613 997 2651 fecero.
1061 2611 1142 2651 116
1174 2612 1309 2650 curavi
1344 2616 1390 2650 ut
1420 2625 1657 2669 occuparem.
1720 2613 1803 2654 132

238 2682 311 2721 Vis
353 2682 483 2721 facere
523 2684 570 2720 ut
606 2693 775 2720 noverca
812 2681 990 2719 vetulum
1021 2703 1075 2708 —
1107 2679 1288 2720 deserat?
1349 2678 1428 2719 167
1468 2681 1629 2730 curabo,
1671 2686 1717 2720 ut
1747 2706 1803 2712 —

237 2751 365 2791 omnis
397 2773 452 2779 —
483 2750 723 2789 adsentiant.
776 2744 870 2802 Syr.
902 2749 1008 2788 sent.
1043 2747 1124 2789 108
1154 2754 1200 2789 ut
1228 2753 1367 2788 noceat
1395 2762 1522 2797 rogas.
1572 2748 1656 2789 420
1687 2764 1802 2803 expe-

236 2825 319 2860 ctat
348 2824 395 2860 ut
430 2823 604 2870 rogetur.
665 2816 750 2859 429
789 2818 858 2869 qui
888 2818 1004 2858 timet
1034 2818 1217 2868 amicum,
1257 2818 1404 2857 amicus
1434 2822 1481 2857 ut
1509 2818 1649 2858 timeat
1678 2820 1806 2860 docet.
