2080 3465
872 251 1161 293 ..24-

246 373 473 425 quaestuist.
533 365 625 420 Syr.
656 368 762 406 sent.
784 366 849 406 *70
880 368 1074 406 bonarum
1103 380 1232 405 rerum
1270 364 1518 404 consuetudo.
1579 360 1663 401 268
1693 361 1798 400 male

247 442 407 493 geritur,
438 436 627 491 quidquid
657 436 811 486 geritur
830 435 1030 475 Fortunae
1050 436 1137 475 fide.
1197 433 1281 475 293
1301 433 1442 486 pericli
1460 428 1659 471 memoria.
1710 428 1797 470 299

243 509 447 548 muliebris
476 505 636 543 lacrima
657 504 947 541 condimentum
967 504 1194 542 malitiaest.
1255 501 1339 542 318
1359 514 1485 553 poena
1505 523 1559 528 —
1578 500 1653 538 sui.
1712 496 1798 537 352

246 580 477 619 tormentum
507 572 637 613 animi.
697 569 781 612 364
811 572 989 621 regimen
1020 595 1075 601 ——
1105 587 1235 611 rerum
1264 573 1444 611 omnium.
1504 568 1586 610 397
1609 569 1719 608 cuius
1740 590 1795 595 —

245 643 518 684 misericordia.
578 638 659 679 587
698 639 845 678 laboris
882 662 936 667 ——-
975 640 1172 678 solatium.
1238 639 1322 680 600
1358 639 1479 679 animi
1513 651 1650 690 poena.
1712 634 1799 676 624

245 713 384 752 mentis
414 710 602 749 indicium
630 709 765 747 malae.
826 706 908 747 807
940 709 1047 746 vocis
1078 713 1119 747 et
1146 709 1281 748 silenti
1302 712 1661 760 temperamentum.
1713 703 1798 745 840

246 782 309 820 dei
339 780 491 819 caritas.
551 776 635 817 854
664 777 825 817 virtutis
857 776 980 814 omnis
1011 776 1374 827 impedimentumst
1401 777 1529 815 timor.
1588 772 1691 815 Pac.
1714 772 1799 814 329

245 849 420 898 indigem
461 847 657 886 Liberum.
727 841 834 884 Ace.
876 842 930 883 49
973 845 1130 894 frugum
1173 845 1305 884 ubera.
1366 843 1448 885 287
1492 846 1605 896 inops
1648 843 1799 883 consili.

246 916 330 956 364
370 917 598 954 inmemores
638 914 810 951 benefici.
884 910 966 951 376
1010 926 1147 963 exspes
1189 913 1368 952 liberum.
1440 912 1524 952 465
1567 910 1686 951 illius
1727 924 1802 963 par

250 981 375 1038 (Non.
406 994 498 1034 gen.
529 993 607 1034 pro
638 979 751 1033 dat).
816 977 905 1020 Ino.
943 977 1024 1019 inc.
1055 980 1162 1031 trag.
1195 979 1248 1020 27
1287 982 1444 1020 domum
1479 981 1617 1021 itionis
1654 979 1801 1031 cupidi.

249 1051 303 1091 38
341 1052 528 1103 prodigus
563 1052 669 1089 vitae
707 1050 823 1087 furor.
884 1044 1045 1099 Turpil.
1087 1046 1166 1087 157
1206 1053 1384 1087 metuens
1421 1049 1493 1087 sui.
1555 1044 1683 1087 Titin.
1719 1045 1799 1087 149

249 1121 429 1159 Omnium
458 1120 598 1158 vitium
625 1142 678 1146 —
700 1122 907 1168 expertem,
939 1117 1079 1155 consili
1109 1118 1278 1167 plenum.
1338 1113 1491 1156 Afran.
1523 1115 1607 1156 362
1637 1117 1802 1155 Maioris

247 1189 368 1227 vestri
389 1187 651 1237 incupidiores
678 1186 846 1223 liberum
866 1186 1002 1223 Fuere.
1048 1183 1147 1224 ·398
1168 1185 1284 1224 huius
1306 1185 1518 1224 consimile.
1577 1183 1661 1223 413
1681 1184 1801 1235 plena

247 1278 301 1284 —
332 1268 569 1293 aranearum.
629 1249 737 1292 NOV.
770 1251 824 1292 62
855 1254 970 1304 pueri
1006 1253 1167 1304 pausilli
1205 1254 1309 1292 simil
1348 1268 1398 1293 es.
1462 1251 1540 1292 111
1578 1252 1802 1292 vindemiae

247 1323 486 1376 superstites.
546 1317 702 1361 Laber.
737 1319 819 1361 124
850 1320 1029 1373 Sepulcri
1059 1321 1211 1360 similis.
1272 1317 1365 1376 Syr.
1387 1322 1492 1362 sent.
1515 1307 1801 1362 525‘fortunae

247 1392 442 1444 particeps
473 1413 527 1418 -—-
558 1394 660 1428 tuae.
719 1387 823 1429 Pac.
858 1388 938 1430 183
978 1388 1105 1430 Cuius
1134 1395 1294 1430 veretur
1323 1405 1511 1430 maxume.
1558 1387 1723 1430 ·Afran.
1746 1389 1797 1430 31

247 1474 358 1499 nemo
388 1463 571 1500 vereatur
600 1459 671 1498 tui.
734 1457 787 1498 99
820 1473 919 1509 quae
948 1473 1027 1497 non
1057 1463 1241 1497 vereatur
1270 1459 1357 1498 viri.
1418 1458 1502 1498 302
1532 1460 1593 1498 tui
1622 1460 1803 1498 Veretur.

249 1524 603 1580 Impersonaliter
633 1523 687 1566 ad
713 1523 954 1579 analogiam
975 1539 1010 1567 v.
1031 1524 1192 1579 pudet
1220 1528 1472 1579 usurpatum
1503 1528 1568 1568 est
1596 1524 1678 1567 hoc
1708 1540 1802 1567 ver-

249 1594 352 1636 bum
374 1593 481 1635 Ace.
505 1594 557 1634 76
590 1596 622 1633 si
652 1596 712 1633 tui
736 1600 895 1634 veretur
915 1601 954 1634 te
975 1597 1252 1646 progenitoris,
1274 1596 1377 1643 ced0‚
1400 1597 1443 1634 et
1463 1593 1577 1647 apud
1595 1593 1752 1635 Attam
1776 1596 1798 1635 7

249 1664 369 1703 Nilne
399 1668 439 1702 te
467 1663 605 1715 populi
625 1668 792 1702 veretur.
852 1660 954 1704 Pac.
977 1662 1057 1703 391
1082 1665 1166 1715 ipse
1188 1664 1270 1702 eius
1292 1664 1653 1703 commiseresceret.
1711 1660 1801 1703 Im-

249 1729 532 1784 personaliter
561 1731 812 1783 usurpatum
842 1729 921 1772 inc.
952 1730 1032 1772 inc.
1063 1733 1170 1784 trag.
1202 1731 1303 1772 246:
1334 1733 1442 1771 nilne
1473 1737 1513 1772 et
1543 1733 1693 1772 Horum
1723 1734 1802 1772 for—

249 1806 379 1849 tunae,
409 1801 467 1839 nil
498 1801 798 1840 commiserescit
827 1801 962 1840 meae?
1010 1798 1112 1841 Pac.
1136 1799 1220 1841 354
1249 1802 1458 1840 miseretur
1486 1802 1558 1840 tui.
1617 1798 1724 1841 Ace.
1747 1800 1803 1840 84

248 1870 409 1907 Miseret
437 1869 686 1906 lacrimarum
716 1870 890 1907 luctuum
920 1870 1169 1908 orbitudinis.
1221 1868 1304 1909 355
1325 1870 1541 1908 miserebar
1560 1870 1648 1908 mei.
1682 1865 1803 1912 ,Tur-

249 1934 320 1988 pil.
352 1935 406 1976 54
435 1937 488 1975 Ni
519 1937 724 1976 Callifonis
762 1951 863 1975 nunc
899 1941 938 1975 te
975 1938 1135 1975 miseret
1173 1939 1351 1975 liberum.
1413 1936 1468 1976 55
1506 1938 1630 1984 Quam
1666 1938 1805 1975 matris

250 2005 310 2044 tui
339 2004 464 2056 patris
493 2018 554 2043 me
583 2005 789 2044 miseretur
818 2006 954 2056 magis.
1015 2002 1178 2058 Turpil.
1206 2006 1286 2046 211
1322 2007 1407 2045 Hoc
1436 2011 1477 2046 te
1508 2021 1586 2055 oro,
1617 2011 1663 2046 ut
1692 2008 1805 2045 illius

237 2073 416 2110 *miserae
453 2074 746 2113 conmiserescas
788 2075 1037 2113 orbitudinis.
1097 2072 1251 2115 Afran.
1290 2073 1373 2114 419
1411 2075 1537 2114 nostri
1574 2075 1805 2115 miseritust.

254 2137 404 2192 Pomp.
433 2136 540 2181 Bon.
574 2141 625 2182 79
656 2143 814 2182 Miseret
843 2158 904 2183 me
935 2158 1077 2204 eorum.
1138 2141 1241 2184 Pac.
1275 2142 1359 2184 205
1390 2144 1598 2195 potiuntur
1618 2145 1805 2194 Frugum.

255 2207 335 2248 291
373 2210 583 2259 Postquam
625 2215 682 2249 est
723 2216 906 2251 oneratus
948 2213 1104 2262 frugum
1147 2217 1185 2251 et
1226 2212 1334 2251 floris
1374 2212 1522 2251 Liberi.
1582 2209 1689 2252 Ace.
1720 2210 1802 2252 471

254 2277 372 2317 Dolet
400 2277 597 2329 pudetque
618 2279 780 2319 Graium
809 2296 880 2320 me.
940 2279 1023 2321 485
1051 2283 1147 2322 lucti
1168 2283 1356 2334 paenitet.
1383 2321 1388 2325 ,
1417 2279 1580 2333 Turpil.
1605 2280 1657 2321 18
1678 2283 1811 2321 Pudet

257 2346 441 2395 pigetque
466 2347 542 2383 mei
563 2361 633 2392 me.
696 2347 776 2387 103
798 2350 953 2388 fastidit
981 2350 1068 2388 mei.
1129 2346 1239 2389 Pall.
1259 2347 1340 2389 inc.
1361 2347 1442 2390 inc.
1465 2348 1520 2390 93
1540 2350 1619 2389 mei
1639 2350 1809 2389 fastidis.

259 2407 351 2465 Syr.
381 2414 485 2453 sent.
520 2414 597 2455 177
636 2431 748 2467 quem
787 2418 921 2457 delicti
960 2432 1038 2457 non
1074 2420 1206 2470 pudet.
1268 2417 1349 2459 271
1391 2419 1571 2470 paenitet
1607 2419 1810 2458 victoriae.

260 2479 340 2520 467
373 2495 485 2532 quem
516 2483 673 2523 admissi
702 2486 832 2537 pudet.
892 2482 1055 2539 Turpil.
1086 2486 1140 2527 49
1172 2488 1285 2527 Porti
1315 2487 1550 2538 indigentes.
1614 2485 1695 2527 128
1725 2489 1811 2528 voti

260 2550 514 2589 condemnata
544 2556 610 2590 est.
670 2550 796 2593 Titin.
831 2554 911 2595 153
943 2557 1026 2595 eius
1057 2557 1141 2596 voti
1173 2556 1480 2595 condemnatust.
1539 2552 1693 2595 Afran.
1728 2555 1811 2597 152

260 2626 322 2656 1116
352 2631 437 2656 cum
466 2619 640 2669 privares
669 2622 756 2661 tui?
806 2622 886 2664 347
909 2625 998 2664 Non
1029 2625 1210 2663 dolorum
1239 2625 1436 2676 partionis
1466 2625 1599 2663 veniet
1629 2625 1671 2663 in
1702 2640 1810 2664 men-

259 2690 339 2724 tem
367 2686 455 2724 tibi.
513 2682 665 2726 Laber.
697 2688 750 2728 62
780 2693 904 2731 nostri
935 2693 1082 2732 oblitus
1114 2678 1183 2732 est.
1245 2688 1338 2746 Syr.
1370 2694 1474 2734 sent.
1507 2691 1563 2734 48
1595 2694 1679 2733 dati
1710 2694 1810 2734 obli-

258 2755 419 2794 viscere.
479 2753 559 2794 517
591 2758 766 2796 meminit
796 2761 865 2799 sui.
926 2760 1007 2801 537
1041 2762 1124 2800 eius
1155 2763 1334 2800 meminit
1361 2780 1403 2795 =
1434 2761 1528 2801 795.
1551 2785 1605 2790 —
1632 2758 1811 2802 Geneti-

258 2834 357 2863 vum
388 2818 607 2875 qualitatis
636 2819 767 2865 habes
797 2825 907 2878 apud
939 2826 1100 2882 Turpil.
1134 2828 1217 2870 206
1249 2831 1365 2870 huius
1396 2831 1513 2870 modi.
