2080 3480
911 165 1201 207 —40-

275 282 377 333 470,
414 281 469 322 25
498 292 577 333 pro
607 277 793 332 largire).
853 278 965 320 Pall.
995 279 1077 321 inc.
1107 279 1189 323 inc.
1221 280 1276 321 83
1306 281 1505 320 Beneficia
1534 281 1576 319 in
1606 281 1746 330 volgus
1777 303 1834 308 —

275 348 433 403 laryiri.
491 347 596 390 Ace.
628 346 712 389 293
749 350 836 389 ulso
869 345 995 401 (Non.
1032 349 1131 403 185,
1170 349 1227 392 20
1257 361 1335 403 pro
1371 345 1485 390 ultus
1521 345 1667 402 fuero).
1728 344 1831 389 Pac.

277 420 327 460 71
360 422 540 459 rimarem
570 416 824 471 (incertum).
868 417 953 459 203
975 421 1160 459 rimarem
1194 417 1320 472 (Non.
1344 417 1440 469 382,
1464 418 1489 458 8
1520 419 1658 457 rimari
1678 415 1834 458 dicitur

273 485 463 537 scrutari,
495 485 728 539 quaerere).
784 484 891 527 Acc.
923 486 1005 527 557
1028 480 1279 540 contempla.
1339 484 1466 528 Titin.
1499 486 1550 527 21
1585 501 1628 526 os
1659 487 1832 525 contem-

268 555 385 609 plato
416 552 554 594 meum.
614 551 766 607 Pomp.
803 554 885 595 190
922 554 1170 608 contemplor
1209 571 1349 596 orcam.
1410 552 1540 596 Titin.
1572 554 1624 595 91
1659 543 1832 594 contem-

265 621 383 674 plari
424 625 601 664 ancillas.
661 621 768 665 Acc.
806 623 891 665 513
933 621 1075 665 forma
1116 622 1257 666 activa
1298 627 1486 665 lactarem
1527 625 1734 678 usurpata
1769 624 1835 664 est

271 688 581 744 significatione
611 691 835 734 transitiva
863 711 906 727 =
942 689 1233 733 laetificarem.
1278 690 1440 747 Turpil.
1473 694 1523 736 81
1558 695 1833 748 proficisceret.

276 759 358 801 145
387 762 517 802 verbis
548 760 731 803 velitare.
779 759 932 803 Afran.
964 761 1047 802 267
1080 763 1203 802 labris
1234 764 1346 802 Inter
1375 778 1416 804 se
1446 761 1626 803 velitari.
1670 758 1833 815 Turpil.

277 829 358 870 153
389 832 652 882 praestolabo.
712 828 842 873 Titin.
875 830 928 871 47
962 835 1149 871 exsecrat.
1209 828 1363 872 Astan.
1398 831 1480 873 192
1512 829 1753 872 esca-orabant
1784 845 1833 870 se.

273 895 402 940 Titin.
420 898 501 941 155
523 902 709 942 osculavi.
745 897 897 942 Attae
919 902 1144 953 auspicetis.
1181 898 1333 943 Afran.
1348 900 1432 941 319
1455 903 1594 941 ordire.
1624 898 1834 953 Pompon.

271 964 381 1008 Bon.
397 968 423 1007 5
445 970 742 1021 expergisceret.
786 969 841 1010 30
862 971 1029 1009 irascere
1052 966 1169 1022 (inf),
1190 965 1366 1021 reliquis
1387 967 1493 1011 locis
1515 971 1581 1010 est
1602 967 1831 1022 deponens.

273 1035 327 1076 36
368 1039 528 1077 ominas.
596 1036 651 1078 48
690 1040 935 1090 conplectite.
1005 1039 1059 1079 66
1098 1038 1258 1088 accinge
1296 1057 1338 1072 =
1376 1036 1613 1090 accingere.
1680 1035 1834 1088 Pomp.

273 1100 384 1144 Bon.
420 1104 472 1144 79
503 1110 680 1144 ventrem
701 1104 955 1161 frustarunt
994 1121 1116 1147 suum.
1177 1102 1334 1147 Laber.
1370 1104 1452 1146 144
1475 1103 1739 1161 frustramur
1776 1106 1834 1145 in-

271 1174 455 1213 ridemur.
497 1172 651 1228 Pomp.
672 1172 783 1216 Bon.
805 1175 861 1216 84
892 1178 1050 1216 saviem.
1100 1173 1207 1217 Nov.
1228 1175 1280 1215 81
1315 1177 1442 1216 savies
1475 1172 1602 1228 (Non.
1634 1174 1732 1225 474,
1757 1174 1835 1226 12).

271 1239 423 1294 Pomp.
453 1240 563 1282 Bon.
585 1242 640 1283 85
663 1245 874 1284 convivant
908 1243 1001 1296 (pro
1024 1242 1296 1284 convivantur
1317 1239 1429 1283 Non.
1461 1242 1557 1295 474,
1579 1242 1662 1297 20).
1706 1239 1836 1283 Τ1ῖ111.

274 1308 328 1350 89
360 1313 555 1351 convivas.
614 1309 769 1364 Pomp.
799 1310 910 1354 Bon.
946 1312 1026 1353 106
1058 1313 1340 1363 suffragabunt.
1404 1311 1483 1352 107
1516 1316 1674 1351 tutaret.
1725 1309 1835 1351 Pall-

272 1376 351 1418 inc.
382 1377 463 1420 inc.
495 1379 549 1420 56
582 1382 723 1419 tutare
754 1383 870 1420 amici
901 1395 1067 1420 causam.
1121 1377 1275 1433 Pomp.
1306 1377 1416 1421 Bon.
1452 1378 1533 1420 108
1563 1381 1738 1430 mirabis,
1769 1391 1835 1420 re-

273 1445 401 1500 liquis
440 1446 606 1490 duobus
648 1446 753 1490 locis
795 1447 964 1502 (Pomp.
1002 1447 1112 1490 Bon.
1151 1448 1177 1488 4
1216 1452 1259 1489 et
1294 1446 1452 1490 Laber.
1494 1448 1561 1503 19)
1605 1447 1834 1502 deponens.

275 1512 386 1557 Nov.
419 1516 472 1557 53
503 1523 803 1570 percontassem.
862 1516 1085 1559 Nunnulla
1121 1516 1380 1571 deponentia
1414 1516 1629 1559 interdum
1666 1516 1836 1571 passiva

278 1582 587 1637 significatione
618 1589 891 1640 usurpantur.
936 1583 1007 1628 Sic
1037 1585 1240 1627 dominari
1260 1584 1396 1628 tribus
1417 1585 1590 1640 quidem
1609 1585 1716 1629 locis
1736 1598 1835 1628 vere

279 1656 346 1693 est
387 1651 622 1707 deponens,
664 1654 772 1697 Acc.
812 1656 897 1697 422
939 1658 1019 1696 fors
1057 1658 1296 1705 dominatur;
1339 1654 1492 1708 Pomp.
1524 1652 1633 1697 Bon.
1665 1656 1720 1697 46
1757 1671 1836 1696 11011

276 1723 433 1762 vilicari
463 1725 532 1762 sed
562 1725 757 1765 dominari
789 1731 847 1764 est
878 1740 964 1765 mea
994 1727 1205 1774 sententia;
1238 1720 1331 1779 Syr.
1363 1727 1469 1765 sent.
1492 1723 1577 1765 824
1598 1726 1834 1774 dominatur,

277 1789 351 1831 sed
380 1789 460 1832 inc.
491 1790 572 1833 inc.
611 1796 718 1845 trag.
755 1793 835 1834 185
867 1795 1017 1846 dispari
1049 1793 1274 1833 Dominare
1312 1795 1470 1833 domino
1507 1791 1679 1846 passiva
1708 1791 1835 1847 signi-

277 1856 474 1900 ficatione
504 1864 755 1914 usurpatum
787 1865 863 1903 est.
905 1860 1012 1904 Acc.
1043 1862 1127 1903 432
1158 1864 1295 1915 Neque
1325 1865 1461 1902 ratum
1492 1867 1552 1902 est
1582 1863 1688 1914 quod
1714 1863 1835 1912 dicas,

279 1940 315 1967 v.
346 1926 463 1969 Fest.
495 1942 536 1982 p.
567 1929 652 1971 274
682 1927 743 1970 M.
774 1929 880 1972 Acc.
914 1931 994 1973 681
1033 1934 1158 1972 multa
1200 1933 1363 1972 inventa
1402 1933 1646 1984 expertaque
1685 1946 1733 1971 ex
1761 1932 1835 1971 hoc

279 2001 371 2036 sunt
406 1999 519 2038 bona.
578 1996 731 2040 Afran.
771 1998 826 2039 34
862 1999 993 2040 vereri
1024 2025 1080 2030 ——
1111 2002 1161 2040 ab
1198 2002 1290 2040 suis.
1351 1999 1435 2041 259
1475 1998 1748 2040 comment-atis
1779 2024 1835 2029 —

277 2066 470 2105 edulibus.
514 2064 624 2108 Nov.
655 2067 710 2107 43
742 2070 919 2120 supellex
939 2091 992 2097 —
1016 2084 1114 2121 quae
1143 2084 1222 2109 non
1243 2067 1378 2109 ulitur
1412 2068 1475 2121 (=
1502 2080 1612 2121 quae
1633 2066 1729 2109 usui
1748 2080 1836 2110 non

278 2135 343 2173 est
374 2130 487 2175 Gell.
518 2132 624 2186 XV,
661 2135 724 2176 13.
785 2134 931 2176 Labor
967 2136 1046 2176 142
1078 2139 1304 2177 consectari.

392 2203 459 2243 45.
509 2201 761 2245 Infinitivus.
795 2217 832 2245 a.
863 2201 944 2243 Inf.
977 2202 1166 2245 subiecti.
1208 2203 1311 2246 Pac.
1346 2205 1427 2246 144
1465 2218 1526 2258 sq.
1558 2207 1676 2256 Piget
1704 2210 1835 2257 pater-

275 2286 367 2311 num
398 2288 551 2324 nomen,
581 2280 801 2315 maternum
831 2275 954 2326 pudet
974 2275 1140 2313 Profari.
1183 2273 1266 2315 222
1295 2276 1453 2315 Certum
1481 2280 1539 2315 est
1569 2275 1690 2326 loqui.
1728 2271 1836 2314 Ace.

277 2340 331 2380 24
370 2344 612 2382 adcelerasse
651 2344 822 2382 dedecet.
884 2338 977 2395 Syr.
1010 2344 1115 2382 sent.
1150 2342 1230 2382 133
1268 2344 1418 2395 eripere
1454 2345 1593 2391 telum,
1636 2356 1715 2381 non
1745 2343 1837 2381 dare

275 2410 379 2450 irato
410 2412 531 2451 decet.
592 2410 676 2452 309
707 2413 981 2451 necessitatem
1011 2412 1124 2461 ferre,
1154 2426 1232 2450 non
1261 2412 1355 2450 flere
1385 2412 1559 2451 addecet.
1615 2407 1720 2451 Acc.
1756 2410 1836 2460 149

274 2480 382 2518 vinci
412 2494 435 2519 a
466 2482 540 2520 tali
570 2482 722 2520 nullum
744 2505 800 2509 —
821 2484 881 2519 est
910 2480 1110 2532 probrum.
1153 2478 1237 2519 215
1267 2480 1463 2519 inscitiast
1491 2480 1710 2519 Postulare.
1752 2479 1837 2520 460

273 2549 374 2588 Erat
415 2550 518 2589 istuc
555 2551 690 2600 virile,
733 2551 836 2589 ferre
879 2550 1086 2589 advorsam
1127 2550 1335 2588 fortunam.
1396 2545 1487 2591 Inc.
1523 2546 1603 2589 inc.
1641 2550 1749 2602 trag.
1783 2548 1836 2590 78

272 2633 412 2672 sapere
443 2624 611 2672 oportet.
670 2616 781 2660 Pan.
812 2616 893 2660 inc.
923 2616 1003 2659 inc.
1037 2617 1092 2659 42
1124 2619 1230 2658 01οᾶ1
1261 2622 1428 2670 oportet.
1491 2613 1584 2672 Syr.
1615 2620 1720 2659 sent.
1756 2618 1837 2660 120

271 2689 474 2743 despicere
506 2693 673 2742 oportet.
721 2688 801 2729 123
834 2689 1036 2728 difficilem
1067 2692 1224 2741 oportet
1254 2702 1385 2728 aurem
1407 2689 1551 2727 habere
1580 2689 1631 2728 ad
1662 2689 1837 2728 crimina.

272 2758 354 2800 687
386 2761 578 2812 pecuniae
608 2761 804 2811 imperare
836 2759 1009 2810 oportet,
1047 2772 1126 2797 non
1162 2759 1320 2797 servire.
1380 2751 1470 2797 Inc.
1502 2756 1581 2797 inc.
1612 2758 1721 2810 trag.
1753 2757 1836 2798 226

270 2830 498 2881 prolubium
541 2834 599 2870 est
642 2833 777 2882 petere
820 2828 1046 2868 amicitiam.
1107 2823 1216 2868 Pall.
1255 2823 1335 2867 inc.
1372 2824 1454 2867 inc.
1493 2825 1547 2868 38
1586 2827 1749 2868 difficile
1778 2833 1838 2868 est
