2080 3474
857 240 1145 281 „32—

222 360 270 412 b)
301 358 352 400 de
382 361 571 410 tempore
600 351 737 394 Iulius
767 352 821 394 82
842 355 920 393 Per
940 356 1043 394 idem
1072 359 1237 407 tempus.
1296 348 1451 392 Laber.
1474 348 1529 390 58
1552 364 1623 402 per
1643 351 1779 389 ludum

224 426 334 469 Pall.
363 426 444 468 inc.
471 424 550 466 inc.
583 423 636 464 68
667 437 739 475 per
769 424 935 463 messim.
996 425 1038 475 c)
1068 421 1121 463 de
1160 433 1289 464 causa
1319 417 1532 462 efficiente
1559 416 1662 459 Pac.
1694 417 1778 462 403

224 499 325 536 filios
358 496 441 535 Sibi
471 506 695 546 procreasse
724 506 796 543 per
827 492 1076 543 Calipsonem
1106 496 1322 532 autumant.
1380 488 1487 530 Ace.
1512 488 1593 528 163
1617 502 1691 541 per
1709 502 1780 527 nos

224 567 416 604 santescat
450 576 581 613 genuS.
641 556 804 612 Turpil.
836 559 862 600 8
901 561 990 599 Non
1028 574 1103 611 ago
1139 562 1212 600 hoc
1249 575 1320 613 per
1355 573 1488 611 sagam
1525 557 1654 610 pretio
1691 571 1779 596 con-

223 634 387 671 ductam.
449 625 541 683 Syr.
573 630 679 669 sent.
712 627 794 668 327
837 629 915 666 nisi
957 642 1029 679 per
1069 633 1110 667 te
1152 630 1293 680 sapias.
1363 626 1446 668 690
1483 641 1554 679 per
1590 639 1689 677 quae
1727 625 1781 664 sis

222 705 340 739 tutus.
399 696 505 739 Aoo.
548 696 629 738 164
671 711 742 749 per
782 697 860 736 vim
889 713 932 730 =
960 693 1070 736 Pall.
1101 694 1181 737 inc.
1211 695 1292 737 inc.
1329 695 1392 737 17.
1463 693 1576 737 Atta
1616 693 1666 735 21
1712 708 1783 746 per

221 768 468 807 discordiam.
539 764 689 818 Pomp.
731 761 838 805 Bon.
884 762 965 804 148
1013 779 1084 816 per
1131 765 1275 804 dolum.
1348 762 1393 816 d)
1435 762 1480 804 in
1529 760 1698 804 iurandi
1720 807 1722 809 ,
1741 763 1783 803 et

225 833 375 876 orandi
404 832 596 876 formulis
626 832 735 874 Pall.
755 832 835 873 inc.
856 830 936 872 inc.
963 831 1013 872 17
1042 847 1115 885 per
1145 847 1277 873 omnes
1298 856 1355 862 —
1375 822 1469 872 ‹ieos
1500 834 1615 873 iuret.
1674 829 1783 873 Nov.

230 904 310 945 105
341 906 418 944 Per
446 905 558 943 deam
597 908 769 943 sanctam
798 903 1026 941 Lavernam.
1086 898 1239 953 Pomp.
1269 898 1380 942 Bon.
1412 901 1464 942 61
1499 916 1567 941 oro
1598 907 1650 951 te,
1678 916 1783 949 vaso,

226 988 297 1025 per
326 974 445 1011 lactes
476 978 575 1011 tuas.

343 1038 444 1079 Post
474 1037 719 1080 adverbium
750 1040 814 1079 est
843 1035 945 1078 Pac.
975 1036 1058 1077 315
1090 1038 1186 1089 Post
1216 1052 1333 1089 quam
1360 1054 1403 1071 =
1431 1036 1526 1077 396.
1589 1037 1673 1078 319
1694 1042 1785 1089 post

227 1132 284 1137 -—
314 1109 447 1147 multis
477 1109 786 1159 tempestatibus.
845 1103 937 1146 Ino.
963 1104 1043 1146 ino.
1069 1107 1177 1158 trag.
1213 1104 1294 1146 194
1324 1110 1416 1158 post
1446 1129 1502 1135 —
1532 1107 1783 1156 intellegunt.

226 1173 333 1215 Nov.
378 1175 433 1215 34
475 1191 552 1215 non
592 1177 716 1214 multo
754 1180 855 1227 post.
923 1172 1075 1215 Afran.
1120 1174 1173 1214 72
1215 1179 1307 1226 post
1347 1188 1571 1213 narravero.
1631 1171 1784 1225 Pomp.

222 1242 335 1286 Bon.
377 1243 457 1285 106
499 1245 719 1296 Refragunt
752 1242 906 1296 primo,
950 1244 1223 1295 suffragabunt
1257 1245 1363 1295 post.
1432 1238 1525 1297 Syr.
1564 1244 1670 1283 sent.
1701 1241 1786 1283 380

227 1318 318 1365 post
339 1314 485 1352 fecisse.
543 1310 816 1364 Praepositio
838 1314 904 1352 est
924 1310 1076 1352 Afran.
1099 1311 1183 1351 305
1205 1313 1290 1351 Tua
1320 1316 1411 1363 post
1439 1312 1637 1363 principia
1667 1316 1786 1362 atque

226 1382 357 1420 exitus
388 1382 556 1421 vitiosae
585 1382 703 1420 vitae.
766 1375 859 1432 Syr.
881 1381 987 1420 sent.
1022 1380 1105 1420 376
1136 1385 1226 1432 post
1256 1381 1531 1419 calamitatem.
1591 1378 1672 1419 411
1695 1384 1787 1431 post

228 1454 392 1501 tempus.
454 1448 537 1489 600
567 1454 658 1501 post
688 1451 845 1488 factum.
1755 1455 1758 1457 “

346 1516 520 1557 Praeter
550 1515 797 1558 adverbium
828 1517 893 1557 est
923 1513 1025 1557 Pac.
1046 1514 1127 1557 inc.
1147 1514 1230 1557 fab.
1253 1514 1389 1557 XLI:
1419 1521 1578 1569 praeter
1608 1517 1786 1556 condem-

232 1586 347 1624 natiS.
406 1582 675 1637 Praepositio
696 1584 775 1626 inc.
798 1583 878 1625 inc.
900 1585 1008 1637 trag.
1035 1584 1115 1625 158
1146 1586 1309 1625 Praeter
1338 1587 1556 1637 rogitatum
1584 1586 1619 1624 si
1648 1586 1785 1624 hisces.

232 1650 397 1705 Turpil.
433 1652 513 1693 194
542 1659 699 1706 praeter
729 1669 769 1693 se
798 1655 1000 1693 neminem.
1062 1651 1188 1694 Titin.
1212 1653 1266 1694 30
1296 1659 1454 1706 praeter
1477 1655 1586 1693 hanc.
1633 1651 1785 1706 Pomp.

228 1718 341 1763 Bon.
378 1721 457 1761 144
488 1723 650 1762 Praeter
679 1737 760 1762 nOS.
821 1718 915 1775 Syr.
946 1724 1050 1762 sent.
1085 1721 1162 1762 761
1196 1727 1356 1773 praetor
1386 1724 1511 1762 deum.

346 1787 523 1840 Propter
551 1791 595 1841 a)
626 1788 678 1830 de
708 1788 801 1831 loco
839 1788 993 1830 dicitur
1030 1787 1180 1842 Pomp.
1210 1787 1319 1831 Bon.
1353 1790 1406 1830 74
1437 1795 1603 1843 propter
1639 1791 1806 1830 lunam.-

225 1854 380 1896 Afran.
402 1856 486 1897 243
510 1863 673 1909 propter
691 1861 908 1910 patruelem
928 1864 1036 1898 tuam
1068 1860 1295 1898 Constituit.
1355 1855 1513 1899 Labor.
1536 1858 1590 1898 69
1621 1862 1785 1910 propter

227 1926 341 1963 viam.
402 1922 447 1975 b)
478 1923 530 1965 de
562 1937 691 1966 causa
710 1924 815 1966 Aeo.
841 1926 924 1967 175
943 1929 999 1966 Te
1019 1931 1193 1979 propter.
1242 1926 1326 1967 294
1347 1931 1511 1979 propter
1530 1932 1582 1966 te.
1624 1923 1785 1979 Turpil.

224 1992 283 2032 90
316 1994 484 2045 Propter
513 1998 712 2045 peccatum
742 1996 964 2047 pausillum.

344 2061 409 2101 37.
450 2075 484 2103 c.
514 2059 861 2115 Praepositiones
898 2076 994 2104 cum
1031 2061 1114 2104 abl.
1155 2066 1199 2104 et
1235 2075 1373 2104 accuS.
1406 2061 1674 2105 coniunctae.
1734 2061 1786 2103 In

226 2141 323 2169 cum
360 2127 441 2169 abl.
480 2132 523 2182 a)
566 2129 618 2171 de
659 2130 753 2173 loco
796 2130 949 2173 dicitur
991 2134 1066 2173 aut
1107 2144 1207 2173 vero
1251 2133 1327 2173 aut
1367 2143 1447 2185 per
1487 2130 1785 2185 metaphoram

226 2196 424 2250 cogitato.
484 2196 586 2239 Pac.
612 2199 666 2239 64
689 2201 731 2239 in
750 2202 862 2240 laevo
882 2202 1075 2241 bracchio.
1138 2200 1191 2241 72
1222 2206 1268 2241 ut
1297 2216 1346 2241 ne
1376 2203 1418 2240 in
1449 2216 1581 2241 amore
1612 2202 1786 2241 animum

225 2280 395 2318 occupes.
460 2266 539 2307 136
578 2269 621 2307 in
652 2269 816 2321 Caperei
855 2271 970 2309 saxis.
1034 2269 1115 2310 179
1151 2270 1285 2309 Habet
1320 2271 1392 2309 hoc
1429 2273 1607 2309 senectus
1650 2270 1694 2307 in
1735 2282 1786 2307 se.

221 2333 305 2374 367
333 2335 518 2387 saxoque
553 2337 701 2377 instare
738 2339 780 2377 in
816 2340 980 2390 globoso
1017 2339 1250 2391 praedicant
1279 2339 1470 2378 volubilei
1503 2334 1785 2390 (Fortunam).

222 2401 308 2442 420
339 2404 381 2442 in
410 2404 566 2455 Aegaeo
596 2407 708 2446 freto.
772 2406 855 2448 423
886 2409 928 2447 in
966 2408 1139 2448 tumulis.
1199 2404 1306 2448 Ace.
1343 2406 1424 2447 115
1454 2407 1554 2454 haut
1584 2406 1715 2445 sterili
1745 2405 1788 2444 in

220 2476 366 2521 segete.
428 2471 507 2513 126
539 2475 580 2513 in
610 2490 758 2528 campo,
821 2476 901 2517 150
931 2478 979 2517 In
1010 2492 1087 2529 quo
1118 2477 1261 2516 salutis
1291 2489 1381 2527 spes
1412 2498 1469 2504 —
1488 2475 1610 2513 habet
1639 2487 1789 2512 summa

224 2540 398 2579 exerciti.
462 2540 540 2581 177
572 2543 614 2581 in
647 2545 759 2584 celsis
789 2546 1004 2586 montibus.
1063 2542 1120 2585 ib.
1153 2545 1195 2583 in
1225 2543 1420 2593 Froegiae
1450 2542 1643 2581 terminis.
1706 2540 1787 2582 179

222 2620 286 2659 sq.
316 2609 359 2646 in
389 2609 537 2656 Quibus
566 2614 758 2662 partibus.
823 2614 902 2654 186
934 2616 977 2654 in
1006 2614 1149 2653 humili
1190 2626 1297 2651 saxo.
1357 2610 1439 2651 221
1474 2612 1517 2648 in
1546 2611 1643 2649 foco.
1703 2609 1787 2650 249

222 2676 266 2714 in
295 2676 477 2717 Parnaso
537 2677 621 2719 250
651 2682 694 2720 in
723 2682 889 2722 circulis.
950 2680 1035 2722 323
1075 2681 1158 2720 alta
1197 2681 1240 2719 in
1278 2678 1395 2718 amni.
1456 2676 1537 2717 371
1579 2678 1622 2717 in
1659 2682 1788 2729 portu.

221 2743 307 2784 409
337 2746 380 2784 in
409 2748 581 2786 tumulis.
640 2748 724 2788 416
756 2751 798 2788 in
829 2751 997 2789 stabulo.
1056 2748 1142 2788 435
1163 2750 1206 2787 in
1228 2747 1321 2786 salti
1352 2746 1542 2785 faucibus.
1603 2744 1688 2785 462
1720 2747 1787 2785 ab·

218 2818 350 2854 strusa
379 2814 422 2854 in
450 2814 621 2856 flumine.
682 2816 763 2859 547
802 2819 1030 2872 pinnigero,
1068 2831 1148 2856 non
1184 2816 1381 2867 armigero
1418 2815 1460 2854 in
1501 2828 1663 2867 corpore
1692 2815 1790 2854 Tela

218 2888 458 2924 exercentur.
518 2883 602 2925 549
633 2887 676 2925 in
704 2891 809 2926 tecto
846 2888 992 2926 umido.
1054 2885 1137 2925 557
1170 2885 1318 2932 sedem,
1355 2884 1398 2922 in
1436 2897 1524 2935 qua.
1583 2879 1675 2923 Ine.
1706 2880 1788 2924 inc.
