2080 3480
880 245 1164 286 —43—

242 387 299 393 —-
328 364 448 415 loqui.
491 359 619 404 Titin.
654 361 735 403 146
767 376 913 413 occupa
942 362 1065 402 Foras
1096 363 1211 402 exire.
1255 359 1406 403 Afran.
1428 361 1484 403 46
1517 362 1594 409 Qui
1625 359 1803 399 conciere

242 433 403 482 cogites.
446 431 531 472 290
551 432 724 471 adducor
754 431 856 469 ferre
884 431 1054 470 humana
1080 432 1315 472 humanitus.
1359 431 1443 472 396
1465 431 1802 471 Praefestinamus

244 525 298 530 ——
329 502 502 541 sciscere.
562 498 645 539 407
684 499 932 550 fabularique
968 500 1120 552 incipis.
1178 498 1329 554 Pomp.
1360 497 1469 541 Bon.
1500 499 1556 541 83
1595 513 1657 538 me
1689 498 1801 550 cupis

244 571 465 610 Concidere.
525 565 682 608 Laber.
714 565 769 606 24
807 569 1065 620 concupivisti
1101 571 1257 620 eugium
1294 570 1505 610 Scindere?
1566 565 1660 622 Syr.
1693 568 1800 608 sent.

246 638 329 681 295
362 638 496 690 cupias
526 636 647 687 loqui.
698 634 780 675 303
811 637 946 676 multis
975 638 1131 689 placere
1161 653 1260 690 quae
1291 640 1410 691 cupit.
1460 635 1618 679 Laber.
1650 636 1705 677 35
1736 637 1800 676 Me

244 731 298 736 —-
329 705 524 756 Progredi
554 705 694 755 coegit.
739 699 832 758 Syr.
862 706 966 746 sent.
992 705 1067 746 141
1102 708 1321 747 innocentis
1347 708 1455 758 cogit
1483 708 1645 746 mentiri
1675 707 1798 745 dolor.

244 774 326 814 401
360 774 449 824 cogi
479 770 717 824 opprimere.
780 772 862 813 569
901 789 1015 825 cogas
1046 786 1160 826 cogas
1190 780 1386 815 amantem
1416 777 1545 814 irasci.
1606 774 1687 814 337
1721 788 1799 812 non

243 844 357 883 novit
392 843 519 882 virtus
557 842 775 881 calamitati
811 844 954 883 cedere.
1015 843 1106 885 338-
1128 859 1207 884 non
1236 850 1330 896 pote
1359 859 1438 883 non
1469 858 1623 895 sapere,
1660 844 1729 894 qui
1760 857 1800 881 se

214 964 216 966 v
245 913 411 952 stultum
440 911 649 961 intellegit.
710 909 793 951 358
823 926 991 963 nequeas
1020 914 1116 965 pati.
1167 912 1251 953 450
1282 914 1479 965 respicere
1508 913 1567 951 nil
1599 911 1802 951 consuevit

245 981 460 1021 iracundia.
512 978 596 1019 530
626 981 753 1019 facere
784 1003 838 1008 —
869 995 1000 1021 cesses
1045 981 1124 1022 691
1158 996 1319 1034 peccare
1350 986 1512 1021 cessant.
1557 979 1637 1020 697
1669 984 1802 1032 potest

244 1065 325 1090 non
362 1064 444 1090 esse
479 1051 694 1089 honestum.
755 1047 838 1089 204
875 1051 934 1089 ibi
963 1055 1057 1102 pote
1092 1052 1223 1091 valere
1252 1053 1432 1103 populus.
1494 1048 1578 1090 422
1610 1050 1679 1101 qui
1709 1053 1801 1101 pote

249 1120 374 1158 celare
403 1118 557 1158 vitium.
608 1116 691 1157 423
724 1119 792 1170 qui
821 1122 914 1169 pote
944 1120 1149 1158 consilium
1179 1121 1324 1170 fugere,
1355 1134 1493 1172 sapere
1524 1120 1629 1157 idem
1659 1122 1800 1170 potest.

248 1186 333 1228 424
370 1188 438 1239 qui
478 1191 570 1239 pote
612 1188 824 1226 transferre
864 1202 1051 1236 amorem,
1093 1194 1185 1239 pote
1222 1191 1425 1241 deponere.
1489 1187 1570 1227 719
1609 1188 1677 1238 qui
1706 1191 1801 1238 pote

247 1270 398 1305 nocere,
428 1256 603 1294 timetur.
655 1252 739 1294 634
770 1255 846 1293 etsi
876 1255 1009 1294 obesse
1038 1270 1117 1295 non
1146 1261 1248 1308 pote.
1292 1256 1373 1296 778
1406 1256 1692 1296 Contumeliam
1721 1269 1801 1293 non

249 1326 365 1365 fortis
395 1329 488 1377 pote
518 1338 590 1362 nec
620 1323 812 1373 ingenuus
842 1324 937 1375 pati.
979 1320 1079 1364 Pac.
1110 1323 1192 1365 389
1213 1327 1294 1365 Nec
1315 1326 1488 1364 cicurare
1508 1339 1632 1376 neque
1652 1324 1801 1363 mederi

249 1395 356 1446 potis
387 1398 446 1432 est
474 1406 599 1443 neque
628 1392 802 1442 refigere.
846 1415 901 1420 —
935 1388 1169 1433 Consilium
1197 1391 1427 1435 infinitivus
1458 1391 1656 1446 exprimit
1686 1389 1801 1445 apud

251 1459 415 1514 Turpil.
450 1460 531 1502 154
561 1461 796 1513 progredior
824 1484 880 1490 —-—
909 1462 1046 1501 visere.

330 1520 347 1537 ⁴
368 1529 434 1571 47.
484 1526 770 1570 Accusativus
801 1540 899 1570 cum
928 1526 999 1570 inf.
1030 1527 1131 1572 Pac.
1162 1530 1217 1571 22
1255 1533 1323 1584 qui
1353 1547 1435 1572 sese
1464 1532 1609 1571 adfines
1640 1545 1723 1570 esse
1753 1531 1803 1569 ad

253 1601 490 1639 causandum
519 1600 669 1637 volunt.
728 1597 835 1637 Aoo.
868 1598 951 1637 488
983 1614 1214 1651 quemquam
1243 1602 1433 1651 praeponi
1462 1601 1591 1638 velim.
1642 1596 1804 1650 Turpil.

254 1667 308 1709 38
340 1682 439 1720 quae
468 1668 610 1706 mulier
645 1667 754 1706 volet
784 1666 872 1706 Sibi
909 1682 1021 1706 suum
1051 1669 1217 1708 amicum
1254 1683 1336 1708 esse
1372 1669 1640 1718 indulgentem
1678 1672 1718 1706 et
1748 1668 1805 1705 di·
1877 1706 1880 1707 γ

252 1739 418 1776 utinum.
482 1734 563 1775 146
601 1736 665 1773 Me
701 1736 762 1773 vis
798 1736 950 1786 potiri?
1007 1734 1120 1776 Atta
1154 1736 1205 1777 18
1235 1738 1391 1776 Annum
1427 1750 1570 1776 novum
1600 1737 1808 1775 voluerunt

254 1821 336 1847 esse
365 1806 536 1858 primum
566 1818 738 1843 mensem
757 1805 954 1844 Martium.
996 1802 1145 1858 Pomp.
1166 1803 1275 1847 Bon.
1308 1806 1354 1846 31
1393 1807 1530 1845 moriri
1559 1819 1668 1844 suam
1699 1805 1803 1855 quis-

255 1889 330 1927 que
366 1887 527 1914 uxorem
563 1877 609 1912 ut
644 1873 753 1912 velit.
813 1871 868 1913 53
899 1875 987 1913 volo
1025 1876 1259 1914 lavatrinam
1295 1876 1386 1914 lavi.
1418 1901 1420 1903 ·
1450 1872 1526 1913 161
1561 1873 1665 1921 Quid
1701 1886 1804 1911 nunc

254 1946 315 1984 vis
356 1943 470 1983 fieri?
528 1938 637 1982 Nov.
677 1941 730 1981 97
773 1943 862 1981 volo
904 1944 1005 1981 himo
1045 1944 1222 1994 accipier.
1281 1940 1437 1982 Laber.
1469 1941 1524 1982 83
1555 1943 1640 1980 Hoc
1677 1942 1805 1980 voluit

255 2014 425 2064 clipeum
467 2016 604 2050 contra
641 2011 793 2061 pelvem
829 2011 964 2061 proici.
1029 2008 1130 2051 Pac.
1163 2010 1216 2051 55
1253 2012 1582 2061 consanguineam
1619 2024 1701 2049 esse
1737 2010 1804 2048 ab·

252 2081 389 2120 dicant
415 2098 456 2112 =
484 2079 655 2130 negant.
687 2076 770 2117 206
802 2093 882 2117 esse
912 2079 1088 2118 adiutam
1118 2084 1316 2131 expetunt.
1359 2079 1415 2118 44
1446 2091 1507 2131 sq.
1529 2080 1648 2118 Dolet
1677 2080 1806 2130 piget·

252 2163 327 2200 que
358 2171 412 2176 —
443 2161 504 2185 me
535 2151 716 2185 conatum
746 2147 818 2185 hoc
848 2169 903 2174 —
933 2148 1063 2186 itiner.
1110 2147 1190 2187 128
1214 2149 1305 2187 Non
1335 2149 1447 2187 decet
1476 2148 1649 2187 animum
1680 2147 1805 2197 aegri-

251 2217 390 2257 tudine
433 2215 579 2254 confici.
639 2212 745 2253 Ace.
778 2213 861 2253 514
902 2230 972 2254 nec
1013 2217 1089 2255 tibi
1126 2231 1187 2256 me
1229 2218 1271 2255 in
1307 2218 1380 2256 hac
1416 2231 1458 2255 re
1495 2216 1646 2266 gratari
1683 2216 1805 2253 decet.

250 2284 398 2336 Pomp.
421 2280 531 2322 Bon.
548 2281 600 2321 72
623 2283 772 2320 cibaria
792 2283 928 2321 Vicem
948 2285 1113 2323 duorum
1131 2299 1193 2323 me
1214 2299 1382 2323 comesse
1403 2285 1599 2323 condecet.
1642 2279 1806 2334 Turpil.

257 2353 336 2395 127
371 2353 490 2392 etiam
519 2352 608 2403 plus
639 2352 749 2390 illam
780 2365 969 2403 apparare
999 2354 1193 2393 condecet.
1242 2350 1344 2393 Pac.
1379 2352 1471 2392 176.-
1503 2350 1591 2391 200
1621 2352 1709 2390 Neu
1746 2366 1805 2389 re—

253 2423 401 2474 liquias
431 2442 486 2448 —
517 2420 615 2458 mias
646 2419 758 2458 sireis
788 2442 843 2446 ——
874 2421 1104 2460 divexarier.
1148 2420 1242 2460 237.
1275 2420 1359 2460 240
1390 2420 1527 2459 Sentio
1550 2442 1602 2447 —-
1631 2424 1671 2458 te
1700 2420 1809 2459 vocis

254 2492 358 2533 calvi
388 2489 660 2530 similitudine.
712 2486 794 2527 248
825 2489 982 2528 Pariter
1011 2494 1051 2529 te
1081 2504 1163 2529 esse
1194 2504 1288 2540 erga
1317 2491 1430 2528 illum
1459 2490 1587 2538 video,
1617 2494 1664 2527 ut
1694 2489 1809 2527 illum

255 2562 323 2601 ted
353 2573 449 2610 erga
479 2559 569 2597 scio.
628 2554 735 2597 Ace.
770 2555 822 2596 14
852 2558 1084 2597 inflammari
1115 2581 1169 2587 —
1199 2558 1311 2597 navis
1341 2558 1535 2597 vidissent
1564 2572 1665 2598 suas.
1725 2556 1808 2597 362

208 2668 218 2674 ,
253 2634 362 2671 Haec
398 2629 530 2668 omnia
567 2630 651 2668 vidi
686 2626 930 2667 inflammari.
997 2627 1079 2668 439
1121 2642 1235 2679 quem
1272 2628 1425 2666 amburi
1461 2628 1584 2667 vides.
1645 2623 1809 2678 Turpil.

258 2698 340 2739 194
377 2713 439 2754 sq,
478 2696 547 2736 ubi
584 2705 741 2752 praeter
777 2709 817 2733 se
853 2698 1045 2736 neminem
1073 2697 1193 2736 Videt
1230 2709 1322 2735 esse.
1386 2694 1466 2735 199
1505 2706 1567 2748 sq.
1598 2696 1723 2734 Nemo
1753 2718 1808 2723 —

253 2772 357 2811 vidit
387 2774 538 2813 ebrium
569 2774 627 2811 ire
647 2766 833 2815 interdiU,
863 2768 997 2819 Neque
1017 2767 1174 2806 turbam
1194 2766 1334 2814 facere,
1365 2779 1492 2816 neque
1513 2766 1616 2803 fores
1637 2778 1808 2803 exurere.

252 2822 363 2880 Pall.
399 2839 480 2881 inc.
518 2838 598 2880 inc.
631 2839 684 2879 96
717 2835 822 2882 Quid
857 2837 1073 2875 tristiorem
1108 2833 1223 2872 video
1259 2836 1299 2871 te
1337 2846 1419 2871 esse
1456 2846 1574 2883 quam
1611 2832 1808 2870 antidhac.

254 2905 382 2948 Titin.
416 2908 469 2949 18
489 2911 664 2949 viderem
686 2922 759 2959 ego
786 2912 826 2947 te
845 2907 1039 2957 virginem
1058 2904 1295 2951 Formosam,
1320 2915 1462 2953 sponso
1484 2915 1565 2939 esse
1587 2900 1810 2952 superbam,
