2080 3477
878 267 1165 309 *12—

255 388 350 438 quid
385 400 456 436 ego
492 389 531 423 te
568 383 770 435 appellem.
829 378 938 422 Pall.
968 379 1050 421 inc.
1080 379 1160 421 inc.
1193 380 1246 421 72
1289 379 1390 428 Quid
1426 400 1482 407 —
1517 391 1679 429 parvam
1714 390 1797 416 rem

254 468 433 505 magnam
453 451 575 491 facis?
605 449 659 489 96
681 449 785 496 Quid
804 450 1020 488 tristiorem
1040 450 1156 489 video
1176 454 1215 488 te
1238 462 1329 488 esse.
1360 445 1412 488 97
1434 445 1634 498 numquid.
1665 440 1795 485 Titin.

255 522 310 563 80
347 523 440 573 quid
469 520 647 559 desubito
689 541 744 546 —
788 518 840 556 ad
868 532 930 556 me
959 518 1132 558 venisti?
1190 514 1343 558 Afran.
1376 515 1457 556 102
1500 515 1596 567 quid
1625 514 1797 553 clamas?

253 589 335 631 212
365 589 459 641 quid
488 587 582 626 fles?
610 586 706 637 quid
732 585 914 624 lacrimas
941 586 1137 636 largitus?
1165 582 1275 627 Nov.
1297 584 1352 626 92
1377 586 1473 637 quid
1492 583 1597 624 stas?
1637 577 1794 622 Laber.

256 657 334 697 148
365 657 467 704 Quid
495 654 706 707 properas?
736 653 875 704 ecquid
904 654 1126 704 praecurris
1157 653 1427 693 Calidoniam?
1470 647 1563 705 Syr.
1585 650 1688 691 sent.
1710 648 1794 689 419

250 726 343 776 quid
371 725 448 763 tibi
476 723 640 775 pecunia
669 736 765 774 opus
795 725 862 759 est.

365 791 430 833 23.
475 787 680 843 Supinum
715 787 758 829 in
794 803 858 828 um
897 786 1051 828 exiens.
1110 785 1215 828 Pac.
1250 788 1329 829 187
1373 793 1419 828 ut
1460 793 1550 828 eant
1587 791 1795 838 gratatum.

250 859 333 901 255
377 861 574 900 defensum
614 859 793 912 patriam.
851 853 1002 897 Afran.
1038 854 1117 896 107
1161 859 1411 899 comissatum
1441 880 1496 886 —
1531 857 1796 909 Digredimur.

251 930 334 969 303
363 931 472 968 misit
501 933 663 967 oratum.
711 924 862 977 Pomp.
892 923 1001 964 Bon.
1036 925 1117 964 130
1147 927 1303 964 Decedo
1333 931 1520 964 cacatum.
1566 925 1646 965 160
1676 926 1798 964 Venit

249 1012 319 1037 nos
349 1001 538 1048 rogatum.
582 991 674 1049 Syr.
705 995 809 1036 sent.
844 993 924 1035 164
955 997 1153 1046 captatum
1183 994 1303 1034 venit.
1352 989 1455 1034 Huc
1484 990 1636 1034 referri
1666 991 1797 1035 etiam

249 1067 393 1117 potest
422 1063 523 1103 Pac.
557 1064 633 1103 121
666 1078 815 1102 venum.
861 1061 940 1101 122
970 1066 1127 1112 raptum
1156 1063 1275 1100 venit.

364 1132 429 1174 24.
472 1129 753 1172 Accusativus
784 1128 999 1182 qualitatis
1036 1128 1091 1181 is,
1131 1127 1207 1170 ubi
1236 1127 1405 1171 obiecto
1436 1127 1605 1170 demum
1641 1131 1796 1170 natura

250 1198 427 1239 actionis
459 1197 704 1251 explicatur.
758 1195 859 1237 Pac.
895 1195 937 1237 1b
973 1199 1079 1237 Loca
1106 1199 1268 1237 horrida
1298 1195 1438 1236 initas.
1483 1195 1564 1237 inc.
1584 1195 1665 1237 inc.
1686 1198 1794 1249 trag.

250 1267 330 1309 130
361 1269 488 1307 cubile
517 1268 628 1306 inire.
687 1264 794 1307 Aeo.
828 1266 908 1307 597
955 1267 1051 1306 Obit
1090 1291 1145 1296 —
1181 1271 1312 1307 vestra
1346 1269 1513 1307 moenia.
1571 1264 1679 1307 Acc.
1710 1264 1794 1306 232

247 1338 351 1387 quod
370 1337 557 1387 templum
578 1336 743 1374 adeam?
784 1332 886 1374 Pac.
909 1335 962 1375 36
1001 1336 1096 1374 Cum
1126 1334 1314 1374 recordor
1344 1336 1427 1374 eius
1458 1337 1625 1374 ferocem
1656 1339 1695 1374 et
1713 1339 1794 1375 tor·
1834 1383 1837 1387 Ι

246 1420 333 1445 vam
368 1405 651 1444 confidentiam.
693 1401 800 1444 Ace.
823 1403 906 1444 346
944 1405 1032 1443 Heu
1062 1419 1124 1443 me
1143 1405 1338 1454 miserum,
1370 1419 1455 1443 cum
1475 1406 1570 1444 haec
1588 1403 1792 1451 recordor,

245 1487 330 1511 cum
360 1474 450 1511 illos
480 1470 716 1511 reminiscor
746 1473 844 1510 dies!
905 1469 1068 1523 Turpil.
1102 1471 1182 1512 156
1216 1470 1453 1511 Meminisse
1481 1473 1590 1511 illius
1619 1473 1795 1512 formam.

247 1537 397 1580 Afran.
432 1538 513 1580 194
543 1540 651 1579 Illud
679 1541 886 1579 memento.
947 1536 1055 1580 Ace.
1091 1538 1142 1580 12
1179 1541 1266 1580 Mea
1295 1541 1399 1580 facta
1428 1564 1484 1569 —
1515 1538 1648 1580 obliti.
1714 1538 1795 1582 190

246 1613 387 1647 memet
408 1632 462 1637 —
489 1606 689 1647 obliga-ier.
746 1608 829 1648 488
859 1609 923 1646 An
950 1623 1021 1661 ego
1051 1606 1206 1647 Uliaeem
1227 1607 1444 1647 obliviscar
1472 1623 1666 1660 umquam.
1709 1609 1792 1650 665

245 1677 309 1715 An
339 1677 434 1715 haec
464 1677 542 1715 iam
573 1674 690 1715 obliti
720 1678 815 1715 sunt
844 1677 1045 1729 Phryges?
1087 1672 1180 1730 Syr.
1201 1677 1306 1717 sent.
1332 1675 1415 1717 252
1446 1678 1572 1727 legem
1602 1700 1657 1706 —
1688 1676 1790 1718 obli-

246 1741 349 1783 visci
375 1762 417 1777 =
446 1744 541 1784 623.
595 1741 698 1784 Pac.
720 1743 775 1783 44
803 1756 863 1796 sq.
900 1760 961 1783 me
990 1749 1170 1784 conatum
1200 1747 1273 1785 hoc
1301 1769 1357 1773 —
1387 1747 1516 1785 itiner.
1571 1745 1626 1786 48
1663 1748 1790 1799 ipsum

240 1813 478 1864 praegradat
497 1814 844 1864 Parthenopaeum.
882 1812 937 1853 50
957 1815 1061 1853 viam
1082 1829 1198 1865 quam
1218 1816 1408 1854 insistam.
1444 1812 1551 1854 Ace.
1576 1814 1658 1855 100
1678 1816 1791 1855 Luna

243 1881 379 1919 circlos
399 1903 455 1908 —
476 1881 634 1920 institit.
678 1880 761 1921 506
791 1883 1011 1921 institeram
1040 1896 1271 1932 grummum.
1313 1880 1417 1923 Pac.
1438 1881 1492 1922 57
1524 1897 1688 1934 regnum
1712 1895 1789 1935 po-

245 1945 361 1987 titur.
406 1947 489 1988 289
515 1963 678 1999 regnum
700 1947 854 2001 potior.
910 1947 1017 1991 Acc.
1039 1950 1095 1992 40
1118 1949 1341 2003 potiuntur
1360 1953 1510 2004 plagas.
1554 1950 1638 1992 590
1663 1952 1790 1992 Natus

241 2017 303 2054 uti
332 2020 417 2055 tute
447 2021 640 2069 sceptrum
678 2020 886 2068 poteretur
916 2021 1053 2071 patris.
1112 2017 1203 2060 Inc.
1233 2017 1315 2059 inc.
1345 2021 1454 2072 trag.
1485 2019 1536 2060 51
1570 2018 1703 2072 potiri
1732 2044 1788 2050 —

243 2084 486 2135 Pergamum.
539 2082 641 2126 Pac.
676 2085 755 2127 129
791 2088 929 2127 Nonne
959 2089 1129 2128 officium
1151 2087 1321 2143 funqar
1350 2089 1489 2140 vulgi?
1538 2086 1701 2142 Turpil.
1733 2090 1788 2131 68

241 2154 329 2191 volo
358 2157 403 2191 ut
432 2155 582 2193 familia
611 2158 744 2194 nostra
774 2157 903 2195 officia
917 2154 1134 2212 sun-qaino·
1163 2171 1244 2197 sua.
1300 2154 1428 2197 Titin.
1455 2156 1510 2198 48
1546 2159 1716 2198 hominis
1747 2171 1788 2199 es

240 2222 374 2271 ignavi
396 2220 579 2276 functus
609 2225 788 2264 officium.
843 2225 922 2265 391
963 2231 1097 2266 nostra
1118 2225 1254 2280 funyi
1283 2242 1454 2268 munera.
1510 2225 1672 2281 Turpil.
1705 2227 1787 2269 164

240 2291 381 2329 amicos
412 2293 504 2330 utor
533 2293 716 2344 primoris
744 2294 859 2333 viros.
904 2290 1031 2334 Titin.
1053 2294 1108 2335 98
1139 2293 1202 2334 uti
1222 2317 1278 2324 —
1299 2296 1533 2336 libertatem.
1575 2293 1787 2348 Pompon.

240 2353 348 2397 Bon.
372 2358 451 2398 169
481 2360 690 2410 Lapatium
710 2362 861 2400 nullum
882 2360 1086 2402 utebatur.
1125 2360 1236 2404 Nov.
1259 2362 1313 2403 69
1335 2378 1431 2414 quas
1451 2362 1516 2403 uti
1536 2365 1646 2403 solet.
1676 2360 1786 2404 Nov.

241 2423 296 2463 98
326 2426 554 2466 facilitatem
583 2452 638 2457 —
669 2427 797 2469 uteris
826 2432 1057 2481 vulgariam.
1116 2428 1225 2472 Ace.
1256 2430 1340 2471 218
1383 2433 1587 2471 accumbat
1614 2447 1787 2472 mensam

242 2496 310 2531 aut
330 2495 489 2533 eandem
511 2498 691 2535 vescatur
710 2499 858 2550 dapem.
900 2496 1011 2541 Nov.
1033 2498 1088 2540 52
1118 2501 1407 2540 Vestimentum
1435 2498 1623 2540 vesceris.
1669 2499 1721 2541 77
1744 2502 1787 2541 id

241 2561 414 2601 frunisci.
455 2559 556 2603 Pac.
584 2564 637 2604 95
674 2567 819 2618 incipio
850 2583 986 2608 saxum
1012 2573 1211 2620 temptans
1241 2570 1425 2608 scandere
1446 2569 1658 2609 Vorticem.
1704 2569 1785 2611 113

240 2628 492 2678 hymenaeum
511 2632 689 2672 fremunt.
736 2633 820 2674 244
848 2636 953 2675 Cedo
972 2640 1084 2674 tuum
1104 2636 1243 2687 pedem
1262 2638 1327 2675 mi.
1374 2634 1481 2677 Ace.
1503 2636 1587 2678 425
1614 2638 1785 2678 Oeneum

241 2696 383 2747 aliquis
414 2701 513 2737 cette
542 2700 583 2738 in
604 2707 857 2754 conspectum.
898 2700 1002 2745 Pac.
1023 2702 1107 2745 268
1139 2705 1333 2757 Oonqueri
1353 2706 1550 2746 fortunam
1570 2708 1783 2747 adversam.

242 2763 324 2804 327
357 2765 593 2806 Salaminam
622 2769 785 2819 ingredi.
828 2771 911 2813 378
943 2774 1155 2824 adgrediar
1183 2796 1239 2802 —
1269 2787 1362 2813 rem.
1401 2771 1509 2815 Ace.
1533 2774 1613 2815 199
1645 2776 1783 2826 adgre-

239 2833 347 2871 ditur
375 2847 446 2873 me.
490 2831 591 2875 Pac.
623 2835 704 2877 355
735 2839 893 2880 Miseret
921 2855 992 2881 me.
1045 2838 1238 2885 Ino-,inc-
1258 2843 1367 2895 trag.
1398 2841 1482 2883 245
1519 2844 1628 2882 nilne
1657 2847 1697 2882 te
1727 2866 1783 2873 —

238 2903 544 2943 commiserescit.
597 2901 756 2959 Turpil.
782 2907 862 2948 104
899 2924 993 2949 num
1022 2911 1134 2950 illam
1162 2912 1278 2950 illaec
1307 2911 1484 2964 pudent?
1524 2907 1676 2951 Astan.
1698 2909 1783 2952 272
