2080 3480
326 741 401 784 Ad
430 741 710 796 supplendam
739 742 935 797 syntaxin
955 756 1094 785 meam
1112 743 1351 797 priscorum
1382 743 1639 796 scriptorum
1667 744 1765 786 lati-

210 829 364 858 norum
392 829 526 870 usque
557 815 612 858 ad
641 814 899 870 Terentium,
931 830 1041 871 quae
1062 815 1177 859 edita
1207 819 1273 858 est
1293 831 1331 858 a.
1357 817 1465 858 1861
1490 819 1534 858 et
1555 818 1623 870 62,
1652 816 1767 860 haud

210 889 265 932 ab
294 903 342 931 re
373 903 465 932 esse
496 889 596 932 duxi
623 890 751 945 paulo
771 890 937 945 longius
956 890 1159 946 progredi
1190 893 1235 932 et
1263 890 1463 945 syntaxin
1493 890 1624 932 etiam
1653 890 1766 945 frag-

209 967 450 1007 mentorum
480 964 770 1007 scaenicorum
797 968 1023 1019 poetarum
1041 964 1349 1017 Romanorum,
1382 964 1455 1018 qui
1483 966 1585 1018 post
1605 963 1766 1009 Teren-

207 1037 314 1081 tium
342 1037 525 1092 fuerunt,
556 1042 779 1094 exponere.
838 1036 894 1081 In
923 1038 1075 1093 quibus
1104 1037 1356 1093 fragmentis
1387 1038 1691 1081 concinnandis
1722 1042 1766 1082 et

208 1111 480 1155 emendandis
501 1126 629 1168 quam
649 1113 864 1168 egregiam
889 1126 1066 1167 operam
1086 1112 1361 1155 collocaverit
1380 1111 1645 1155 Ribbeckius
1667 1126 1765 1156 cum

206 1200 331 1230 nemo
361 1187 541 1242 ignoret,
571 1186 661 1230 fere
680 1186 837 1241 ubique
860 1201 956 1230 eam
974 1187 1202 1230 verborum
1222 1186 1485 1241 singulorum
1505 1187 1766 1242 scriptorum

207 1260 608 1314 conformationem,
652 1274 761 1315 quae
802 1261 917 1316 apud
956 1260 1242 1303 Ribbeckium
1284 1265 1368 1314 est,
1411 1261 1592 1304 servatis
1634 1261 1766 1304 etiam

205 1347 404 1376 versuum
431 1334 619 1377 numeris
650 1338 820 1377 secutus
850 1348 954 1377 sum.
997 1334 1272 1378 Enumerabo
1303 1338 1449 1377 autem
1478 1334 1591 1378 infra
1621 1335 1763 1389 singu-

204 1407 344 1451 lorum
384 1410 612 1463 poetarum
651 1412 744 1451 tam
783 1408 1045 1463 tragicorum
1087 1423 1216 1463 quam
1260 1409 1556 1462 comicorum,
1583 1423 1764 1464 quorum

196 1481 447 1537 -fi-agmenta
488 1484 653 1535 extant,
695 1482 884 1536 nomina,
927 1482 1083 1525 additis
1113 1481 1249 1537 siglis,
1279 1482 1432 1538 quibus
1462 1483 1507 1525 in
1537 1482 1765 1527 afferendis

204 1555 345 1599 verbis
374 1570 522 1599 eorum
551 1570 651 1598 usus
682 1570 787 1599 sum.

765 1681 964 1725 Poetae
1001 1682 1206 1737 tragici.

437 1771 649 1815 Pacuvius
680 1771 827 1828 (Pae).

436 1846 599 1889 Accius
631 1846 779 1900 (Ace).

437 1920 687 1975 Pompilius.

436 1992 484 2037 O.
514 1993 651 2037 Iulius
681 1993 844 2039 Caesar
875 1993 1032 2039 Strabo
1065 1995 1190 2052 (Iul).

438 2066 608 2110 Santra.

434 2140 486 2183 L.
517 2140 676 2184 Varius
706 2141 843 2184 Rufus
875 2141 1022 2197 (Van).

435 2212 671 2257 Gracchus.

433 2288 483 2332 P.
515 2287 691 2333 Ovidius
720 2288 852 2332 Naso.

433 2364 484 2406 P.
514 2363 777 2419 Pomponius
808 2362 1027 2407 Secundus
1059 2363 1256 2419 (Pomp.).

436 2436 623 2482 scaevus
653 2437 834 2480 Memor.

433 2513 703 2556 Incertorum
732 2516 957 2566 poetarum
985 2512 1168 2554 fabulae.

432 2585 633 2630 Incertae
662 2586 921 2630 incertorum
949 2584 1119 2629 fabulae
1151 2586 1247 2643 (inc.
1276 2586 1359 2630 1116.
1390 2589 1529 2644 trag).

732 2700 929 2737 Fabulae
952 2702 1223 2747 praetextae.

432 2781 645 2824 Pacuvius
665 2781 795 2836 (Pac.
824 2782 990 2836 praet.).

430 2855 593 2898 Accius
624 2855 747 2912 (Acc.
776 2857 941 2911 praet).

271 2921 416 2955 Holtze,
440 2923 630 2950 adumbratio.
1448 2926 1465 2956 l
