2080 3480
866 230 1153 270 —31—

236 346 389 396 pelvem
418 346 554 396 proici.
615 340 708 398 Syr.
740 346 846 385 sent.
877 344 931 385 93
962 349 1097 384 contra
1127 346 1286 385 felicem.
1348 344 1403 384 94
1434 349 1572 384 contra
1601 344 1795 396 inpuden-

237 417 326 454 tem.
398 412 481 455 448
524 418 659 453 contra
706 415 862 454 fulmen.
930 412 1013 454 456
1056 418 1192 454 contra
1235 429 1365 453 omnes
1407 428 1515 453 arma
1557 414 1646 452 fert.
1709 411 1792 453 817

238 487 374 522 contra
403 484 564 522 hostem.
1614 489 1618 493 “

352 550 462 603 Erqa
500 549 601 592 Pac.
633 551 717 592 248
747 553 903 592 Pariter
931 557 983 591 ter
1008 566 1089 591 esse
1132 566 1225 603 erga
1262 553 1373 591 illum
1415 553 1548 601 video,
1592 556 1637 590 ut
1678 552 1793 590 illum

237 622 306 659 ted
336 634 439 671 erga.

353 686 483 727 Extra
527 685 686 740 Turpil.
735 689 813 729 188
856 693 967 728 extra
1009 691 1125 729 cubui
1167 690 1351 728 dominia.
1419 685 1547 728 Titin.
1579 688 1633 728 46
1678 694 1791 727 extra

238 756 443 794 consilium
483 770 620 794 meum.
680 754 830 809 Pomp.
868 754 976 797 Bon.
1020 757 1074 797 33
1118 758 1318 796 diminabo
1361 760 1474 795 extra
1515 757 1634 795 aedis.
1696 752 1789 810 Syr.

240 824 346 864 Sent.
381 823 461 864 193
493 829 604 864 extra
635 840 772 877 corpus
802 849 857 855 -—
887 841 1009 865 suum.

354 889 472 931 Intra
510 889 611 933 Pac.
649 892 703 933 48
741 897 953 933 extremum
990 895 1096 933 intra
1132 897 1349 933 camterem.
1416 890 1523 933 Ace.
1562 892 1646 933 435
1685 894 1791 932 intra

239 960 424 1000 traiectus
454 976 663 1001 nemorum.
722 959 873 1003 Afran.
905 962 986 1003 327
1018 964 1125 1001 intra
1154 963 1336 1001 tunicam.

354 1026 470 1068 Inter
499 1028 744 1072 adverbium
775 1033 841 1071 est
871 1027 965 1084 Syr.
996 1032 1100 1071 sent.
1128 1030 1212 1070 414
1242 1032 1347 1069 inter
1377 1035 1446 1069 est.
1509 1030 1590 1070 501
1624 1032 1790 1069 multum

237 1098 343 1136 inter
373 1103 442 1137 est.
504 1097 586 1139 728
616 1100 717 1138 nihil
752 1100 856 1138 inter
891 1103 959 1138 est.
1019 1096 1287 1150 Praepositio
1326 1095 1428 1138 Pac.
1461 1097 1512 1138 61
1548 1099 1790 1148 distinguam

238 1166 343 1205 inter
384 1180 463 1206 vos.
530 1166 613 1207 413
659 1168 835 1206 Flamma
874 1168 977 1206 inter
1016 1168 1139 1206 nubes
1181 1171 1366 1206 coruscat.
1426 1164 1532 1207 Αο0.
1569 1166 1646 1206 151
1679 1168 1791 1206 Inter

238 1248 344 1285 quos.
421 1233 500 1274 178
542 1249 664 1286 pecua
705 1236 809 1273 inter
850 1239 967 1285 atque
1009 1235 1136 1273 colles.
1196 1234 1276 1274 211
1322 1236 1425 1273 inter
1466 1235 1642 1287 pecudes.
1697 1234 1789 1275 250

237 1304 343 1342 inter
382 1304 507 1354 pinos.
580 1301 663 1342 415
706 1304 810 1342 inter
849 1304 985 1341 hostis.
1057 1301 1141 1342 480
1182 1304 1286 1341 inter
1326 1305 1475 1342 tonitra
1517 1308 1558 1342 et
1597 1305 1789 1342 turbines.

237 1367 328 1411 Ῑ110.
358 1368 438 1411 1110.
468 1371 576 1422 trag.
609 1370 663 1410 88
705 1372 809 1410 inter
851 1385 891 1410 se
933 1375 1115 1423 strepere.
1186 1370 1263 1411 121
1308 1372 1412 1411 inter
1453 1372 1547 1412 arag
1583 1373 1788 1412 sacrificas.

242 1438 320 1479 191
353 1439 457 1479 inter
486 1441 575 1478 oris.
636 1436 798 1492 Turpil.
833 1439 912 1480 196
943 1441 1048 1479 inter
1077 1441 1171 1479 vias.
1235 1440 1313 1479 197
1353 1441 1457 1479 inter
1493 1442 1708 1480 tuniculam
1746 1456 1790 1480 ac

240 1508 426 1547 strofium.
449 1504 457 1512 ⁴
485 1504 649 1548 Incerti
678 1504 824 1549 Nurus
855 1520 920 1561 ap.
952 1504 1115 1549 Charis.
1145 1504 1180 1548 I.
1212 1520 1251 1560 p.
1284 1507 1338 1549 80
1368 1505 1417 1548 P.
1449 1510 1554 1549 inter
1592 1524 1632 1548 se
1669 1510 1788 1559 degu-

240 1578 373 1616 larunt
403 1578 542 1616 omnia.
604 1573 733 1617 Titin.
755 1576 810 1617 24
838 1588 898 1629 sq.
929 1578 1033 1616 inter
1063 1578 1194 1616 decem
1224 1591 1355 1616 annos
1415 1574 1567 1618 Afran.
1589 1576 1685 1618 267.
1707 1576 1790 1617 309

241 1646 437 1686 coniecere
478 1647 597 1686 verba
637 1646 743 1685 inter
785 1661 867 1686 sese
910 1648 1047 1686 acrius.
1109 1646 1192 1687 355
1234 1648 1338 1686 inter
1378 1661 1447 1685 nos
1489 1648 1651 1699 nuptiae
1694 1647 1794 1687 Sunt

240 1716 376 1754 dictae.
436 1713 520 1754 425
550 1716 661 1753 Inter
690 1716 937 1765 loquendum.
997 1713 1149 1768 Pomp.
1178 1712 1287 1756 Bon.
1316 1715 1370 1756 47
1401 1717 1505 1755 inter
1535 1731 1677 1755 cenam.
1738 1715 1793 1756 68

208 1803 212 1808 ·
239 1784 349 1823 Inter
378 1787 499 1823 nates.
559 1780 666 1823 Nov.
700 1782 751 1823 41
785 1784 889 1822 inter
918 1785 1073 1823 femina.
1135 1779 1228 1837 Syr.
1258 1786 1362 1824 sent.
1397 1784 1478 1824 784
1508 1786 1619 1824 Inter
1649 1786 1793 1823 amicos

240 1853 438 1891 iudicatur
467 1867 582 1903 quam
613 1853 790 1891 inimicos
819 1853 1031 1891 molestius.

364 1918 418 1959 Ob
458 1922 501 1972 a)
532 1918 615 1960 loci
651 1916 1001 1972 significationem
1037 1917 1168 1960 habet
1196 1918 1301 1960 Acc.
1334 1920 1416 1961 385
1447 1922 1527 1959 tela
1557 1922 1606 1959 ob
1636 1922 1792 1960 moenia

241 1990 389 2029 offerre.
447 1986 539 2030 Ine.
568 1987 647 2029 1110.
679 1990 786 2041 trag.
816 1987 870 2029 94
902 1990 1009 2028 cuius
1041 1990 1090 2028 ob
1122 2003 1164 2028 os
1196 1989 1292 2028 Grai
1323 2004 1391 2028 ora
1422 1990 1681 2029 obvertebant
1709 2004 1790 2028 sua.

241 2055 287 2108 b)
324 2054 676 2109 significationem
714 2069 866 2098 causae
903 2055 1004 2098 Pac.
1036 2057 1119 2098 370
1157 2059 1207 2097 ob
1245 2072 1328 2097 eam
1364 2072 1457 2097 rem.
1518 2056 1623 2098 Ace.
1655 2056 1711 2098 20
1742 2059 1791 2097 ob

240 2127 359 2166 fidam
388 2131 569 2166 naturam
597 2128 686 2166 viri.
747 2126 798 2166 41
831 2128 997 2166 Matrem
1027 2129 1077 2166 ob
1112 2128 1198 2166 iure
1234 2128 1379 2166 factum
1416 2128 1565 2166 incilas.
1627 2126 1710 2167 658
1741 2128 1791 2166 ob

240 2199 404 2234 mortem
445 2196 610 2246 Myrtili.
680 2192 770 2234 Ino.
800 2193 880 2234 1110.
919 2193 1038 2246 trag.'
1065 2195 1119 2235 86
1162 2197 1211 2233 ob
1253 2196 1534 2234 defendendam
1576 2196 1790 2234 Graeciam.

245 2262 327 2304 110
358 2264 417 2303 Ob
448 2265 593 2303 scelera
624 2263 820 2314 animique
849 2264 1110 2314 inpotentiam
1141 2268 1180 2302 et
1210 2264 1620 2314 superbiloquentiam.
1679 2259 1789 2302 Pall.

239 2330 319 2372 1110.
349 2330 431 2371 1110.
453 2331 507 2371 32
539 2333 588 2370 ob
620 2332 846 2381 coligandas
865 2332 1035 2382 nuptias,
1096 2328 1246 2383 Pomp.
1267 2328 1375 2371 Bon.
1400 2330 1481 2370 156
1504 2344 1620 2382 quam
1646 2331 1791 2369 obrem.

241 2397 349 2442 Nov.
385 2400 436 2441 13
468 2401 517 2440 ob
548 2415 631 2439 eam
662 2414 754 2439 rem.
1768 2434 1775 2441 ,

358 2469 438 2510 Per
468 2471 512 2521 a)
543 2466 595 2509 (le
625 2467 719 2509 1000
750 2465 902 2509 dicitur
931 2465 1032 2508 Pac.
1063 2467 1143 2508 201
1185 2469 1262 2507 Per
1296 2474 1441 2507 terram
1472 2491 1528 2495 —
1559 2469 1792 2508 divexarier.

243 2539 326 2582 272
358 2540 481 2580 ardua
517 2553 588 2591 per
624 2539 710 2577 loca
747 2538 926 2589 agrestia.
987 2535 1064 2577 351
1100 2538 1284 2577 Tractate
1325 2551 1396 2589 per
1438 2551 1577 2589 aspera
1618 2551 1712 2576 saxa
1755 2541 1794 2575 et

241 2611 413 2649 humum.
472 2606 577 2649 Αο0.
613 2606 692 2648 183
723 2621 794 2659 per
822 2607 1058 2646 matutinum
1088 2607 1228 2645 lumen.
1289 2604 1372 2645 333
1402 2619 1474 2658 per
1503 2610 1629 2645 terras
1659 2619 1794 2657 vagus.

243 2678 327 2721 509
357 2681 436 2720 Per
464 2680 610 2719 urbem.
668 2673 820 2717 Iulius:
850 2677 1086 2716 Flammeam
1115 2690 1186 2727 per
1216 2676 1402 2714 aethram.
1461 2671 1552 2715 Ine.
1583 2673 1663 2715 1110.
1685 2676 1792 2725 trag.

245 2748 299 2789 74
336 2749 414 2788 Per
451 2749 664 2800 speluncas.
727 2744 807 2786 168
842 2746 994 2797 Perque
1032 2758 1145 2795 agros
1181 2766 1237 2771 -—
1274 2744 1482 2795 dispergit.
1546 2741 1626 2783 182
1656 2743 1794 2780 Axena

244 2842 299 2846 ——
329 2833 400 2870 per
440 2819 552 2857 freta.
615 2815 695 2857 183
737 2829 806 2866 per
848 2817 994 2855 caelum
1035 2837 1090 2842 —-
1133 2813 1296 2864 equitas.
1363 2810 1477 2851 Atta
1519 2811 1544 2851 3
1586 2825 1657 2863 per
1697 2811 1793 2850 vias.

242 2884 395 2941 Pomp.
425 2883 534 2928 Bon.
566 2885 620 2929 23
650 2885 895 2940 perspectavi
926 2897 997 2937 per
1028 2897 1172 2923 cavum.
1231 2877 1386 2922 Laber.
1422 2879 1499 2920 131
1534 2894 1604 2932 per
1633 2883 1793 2919 terram.
