2080 3480
827 181 1116 223 —15—

198 297 341 338 Gravis
361 298 572 338 Dardaniis
601 300 786 350 gentibus
815 300 931 338 ultor.
986 296 1070 338 533
1107 298 1219 338 Unde
1248 299 1353 349 ignis
1382 299 1487 337 cluet
1517 295 1752 335 mortalibus

197 368 298 407 clam
326 368 497 408 Divisus.
553 367 636 408 535
674 382 896 420 poenasque
924 368 1013 407 Iovi
1050 390 1104 396 —
1135 369 1377 420 expendisse.
1420 366 1504 408 563
1536 366 1606 417 qui
1635 364 1751 403 salsis

195 437 379 477 fluctibus
415 438 575 477 mandet
614 438 687 477 Me.
748 436 832 478 584
875 437 994 477 Tebis
1025 459 1080 465 -—
1110 440 1293 476 ostentas.
1366 434 1448 477 657
1493 435 1664 483 Quinam
1694 455 1749 461 —

198 506 460 545 internecioni
488 506 625 544 modus
643 506 835 545 Paretur?
875 502 1084 557 Pompon.
1106 503 1133 544 4
1162 505 1339 545 notifices
1358 505 1467 543 mihi.
1507 500 1636 544 Nelei
1656 513 1750 543 car·

198 586 297 614 men
332 574 352 614 1
393 576 455 613 En
483 589 667 624 umquam
697 597 752 602 —
781 576 900 613 matri
929 576 1114 613 faciemus
1144 575 1289 625 volup?
1342 570 1433 612 Ine.
1460 571 1540 612 inc.
1561 574 1670 624 trag.
1697 570 1749 610 16

197 643 299 681 Eum
328 655 411 680 esse
441 642 606 680 exitium
635 642 788 691 Troiae,
817 646 965 694 pestem
991 643 1193 693 Pergamo.
1236 641 1291 681 30
1322 643 1477 693 sapiens
1505 640 1649 680 virtuti
1678 640 1747 679 110-
1807 643 1811 645 ’

197 725 334 750 norem
352 711 570 762 praemium
591 732 643 739 —
665 712 776 762 petit.
799 738 803 741 -
831 710 885 751 35
922 713 991 763 qui
1009 716 1150 763 parent
1169 711 1335 750 Atridis.
1380 709 1436 750 54
1455 711 1598 750 virtuti
1617 723 1746 748 aemu-

200 780 273 818 lus.
333 777 388 818 85
426 779 463 817 ei
504 779 562 818 rei
592 779 744 818 sustuli.
807 778 888 819 104
917 781 1015 819 mihi
1044 780 1174 832 liquit.
1238 777 1319 818 125
1349 778 1631 831 praefidentem
1660 777 1747 817 tibi.

203 846 283 886 157
315 848 422 886 dicto
451 862 555 899 pare.
607 846 684 886 171
719 848 805 886 Sibi
835 871 890 876 —
918 853 964 887 ut
993 870 1049 877 -—
1079 853 1248 899 pareret.
1306 847 1386 887 193
1418 848 1610 899 spondere
1639 848 1747 885 mihi.

199 914 281 955 241
315 916 413 954 ferte
442 916 599 955 lassatis
640 929 762 967 opem.
822 914 905 956 255
953 917 1050 956 Cum
1085 920 1179 955 vota
1214 917 1314 954 bene
1348 916 1426 954 tibi
1462 916 1747 967 responderint.

203 981 311 1022 Acc.
341 984 475 1035 praet.
503 983 555 1023 15
586 985 755 1022 animam
784 985 926 1023 devoro
959 985 1022 1036 (=
1050 981 1272 1035 devovero)
1301 984 1489 1022 hostibus.
1533 983 1589 1024 34
1620 988 1746 1023 osten·

199 1056 283 1091 tum
314 1056 373 1091 est
401 1053 488 1091 tibi.
530 1051 584 1092 35
614 1053 766 1103 Populo
787 1053 1128 1091 commutationem
1157 1066 1288 1091 rerum
1317 1053 1521 1103 portendit
1549 1054 1633 1091 fore
1653 1053 1747 1091 Per-

201 1121 472 1172 propinquam.
532 1119 586 1160 36
616 1121 710 1159 haec
738 1121 837 1159 bene
865 1125 1098 1160 verruncent
1126 1122 1283 1173 populo.
1344 1116 1506 1172 Turpil.
1541 1119 1593 1160 14
1624 1121 1748 1159 enoda

198 1190 307 1228 mihi.
361 1188 413 1229 16
444 1190 540 1241 quid
568 1190 667 1228 mihi
696 1190 847 1228 vellem.
901 1187 957 1228 24
998 1190 1078 1229 Nec
1106 1194 1210 1229 recte
1240 1190 1319 1228 dici
1348 1190 1456 1229 mihi.
1511 1188 1565 1229 35
1602 1190 1657 1228 mi
1688 1194 1748 1228 est

201 1259 326 1297 iratus
357 1262 481 1309 pater.
532 1256 586 1297 38
617 1271 717 1309 quae
745 1259 887 1296 mulier
915 1259 1021 1297 volet
1051 1259 1138 1297 Sibi
1168 1273 1279 1297 suum
1309 1260 1474 1301 amicum
1504 1272 1587 1297 esse
1616 1259 1746 1297 indul—

200 1330 368 1377 gentem.
422 1325 477 1365 46
513 1327 697 1365 bracchia
726 1349 782 1354 —
810 1327 1012 1364 horrorem
1035 1327 1133 1365 mihi
1162 1350 1218 1355 —
1248 1328 1548 1366 exsuscitabant.
1593 1325 1647 1366 69
1677 1327 1748 1364 ubi

199 1395 332 1446 sopori
361 1395 509 1433 servias
538 1395 677 1433 Potius
708 1409 824 1445 quam
854 1395 1021 1433 domino.
1072 1393 1125 1434 75
1156 1396 1239 1433 eius
1269 1399 1445 1446 aspectus
1476 1416 1530 1423 —-
1562 1395 1639 1433 Cor
1667 1399 1748 1433 tor-

201 1463 362 1515 poravit
389 1463 540 1501 homini
569 1477 709 1502 amore.
756 1461 833 1502 111
866 1463 944 1502 tibi
973 1463 1180 1501 tristitiam
1210 1463 1414 1502 exorbebo.
1459 1461 1538 1502 137
1570 1476 1750 1514 processe

201 1532 317 1570 nobis
337 1545 386 1570 ex
405 1532 610 1570 sententia.
657 1530 736 1570 147
767 1532 912 1570 Misero
931 1532 1030 1570 mihi
1048 1532 1260 1581 mitigabat
1279 1554 1335 1560 ——
1355 1535 1483 1583 caput.
1528 1530 1609 1570 153
1638 1545 1750 1582 prae-

204 1600 358 1639 stolabo
387 1600 461 1639 illi.
525 1598 601 1639 171
636 1600 699 1639 dic
728 1600 838 1639 mihi.
902 1598 981 1640 173
1019 1600 1084 1639 hic
1125 1601 1202 1640 sibi
1231 1601 1436 1653 prospexit
1465 1623 1521 1629 —-
1550 1600 1755 1650 virginem.

216 1667 297 1707 180
327 1669 409 1707 illis
439 1669 611 1719 obsequi.
658 1668 739 1708 192
769 1670 847 1707 tibi
875 1670 1022 1707 referre
1051 1670 1232 1718 gratiam.
1290 1668 1370 1708 196
1408 1670 1579 1720 epistula
1609 1669 1757 1706 excidit

208 1737 316 1776 1111111.
359 1734 442 1777 207
474 1737 626 1776 utinam
656 1738 758 1776 istuc
777 1742 1010 1789 perpetuum
1031 1738 1152 1777 itiner
1183 1739 1237 1777 sit
1255 1738 1348 1777 tibi!
1390 1734 1499 1777 Pall.
1525 1734 1605 1776 inc.
1625 1733 1707 1776 inc.
1729 1735 1755 1776 3

204 1805 370 1844 insidias
399 1805 494 1843 fecit
521 1806 679 1856 virgini.
726 1804 777 1844 15
810 1805 994 1857 Sponden
1013 1810 1122 1844 tuam
1150 1810 1312 1855 gnatam
1341 1806 1424 1844 filio
1453 1819 1614 1844 uxorem
1642 1804 1754 1843 meo?

209 1872 260 1913 17
292 1874 391 1912 mihi
410 1897 466 1902 —
487 1875 599 1913 iuret.
643 1873 696 1914 28
727 1875 906 1913 fortunae
927 1879 1017 1913 sunt
1038 1875 1317 1912 committenda
1338 1875 1479 1913 omnia.
1522 1872 1577 1913 30
1607 1874 1662 1911 mi
1682 1874 1753 1911 im-

205 1955 329 1994 peras.
379 1940 431 1981 41
466 1952 526 1993 sq.
561 1956 632 1981 nec
660 1943 816 1990 mulieri
845 1942 925 1981 Nec
955 1943 1104 1992 gremio
1135 1943 1241 1981 credi
1270 1946 1436 1994 oportet.
1485 1941 1540 1982 49
1582 1956 1643 1980 me
1673 1956 1755 1981 esse

214 2011 395 2049 acerbum
425 2012 512 2060 sibi,
542 2013 602 2050 uti
633 2012 707 2050 sim
736 2012 862 2050 dulcis
890 2012 998 2049 mihi.
1042 2010 1098 2050 64
1126 2012 1322 2062 persuasit
1351 2012 1481 2049 animo
1511 2012 1657 2050 vinum.
1701 2010 1754 2050 75

207 2078 278 2116 Sui
299 2079 443 2128 quique
462 2093 589 2117 mores
608 2079 763 2127 fingunt
782 2080 978 2116 fortunam
997 2076 1239 2116 hominibus.
1298 2078 1350 2117 76
1383 2080 1531 2117 Malum
1551 2080 1756 2117 consilium

207 2147 421 2185 consultori
458 2151 516 2185 est
552 2148 772 2198 pessimum.
832 2145 886 2186 82
929 2148 1046 2185 alteri
1075 2147 1181 2197 quod
1209 2148 1346 2185 feceris
1379 2165 1421 2181 =
1457 2142 1549 2199 Syr.
1581 2148 1685 2187 sent.
1720 2147 1754 2186 1.

212 2210 339 2253 Titin.
372 2213 397 2253 5
439 2215 599 2266 Reliqui
629 2229 719 2254 acus
750 2216 930 2265 aciasque
972 2229 1037 2254 ero
1080 2219 1198 2266 atque
1229 2229 1317 2254 erae
1346 2219 1513 2254 nostrae.
1563 2213 1617 2254 26
1654 2216 1756 2253 nihil

211 2283 276 2322 hic
303 2287 363 2322 est
387 2305 442 2311 -—
463 2284 574 2323 vobis
599 2284 762 2335 quaesti.
805 2282 857 2323 31
897 2284 1085 2323 Patibulo
1114 2284 1187 2322 hoc
1220 2281 1258 2322 ei
1288 2287 1405 2335 caput
1430 2284 1660 2334 defringam.
1700 2282 1755 2323 38

208 2352 351 2392 libram
368 2353 530 2392 aiebant
551 2352 656 2392 Satis
677 2366 758 2391 esse
779 2352 966 2391 ambobus
986 2352 1159 2391 intritae.
1202 2350 1256 2392 52
1277 2363 1339 2404 sq.
1359 2353 1516 2392 nuntiet
1543 2350 1754 2399 Geminae,

207 2426 254 2460 ut
283 2436 345 2461 res
376 2419 454 2461 sibi
484 2436 572 2461 suas
601 2426 794 2474 procuret.
845 2420 898 2461 58
930 2422 1020 2460 odio
1051 2435 1144 2460 sum.
1191 2417 1265 2460 ib.:
1295 2425 1340 2460 ut
1369 2444 1423 2450 —-
1455 2423 1632 2473 placeam
1659 2423 1757 2461 viro.

209 2489 262 2529 71
301 2491 490 2530 uxoribus
519 2490 780 2530 Ancillantur.
843 2488 923 2529 102
960 2489 1057 2540 quid
1085 2490 1175 2528 istic
1216 2489 1294 2527 sibi
1334 2490 1421 2528 vult
1463 2490 1613 2529 sermo?
1676 2490 1757 2531 116

208 2560 287 2598 tibi
317 2561 401 2599 alis.
448 2559 528 2600 119
560 2561 748 2610 gaudebit
778 2560 854 2598 sibi
880 2559 1060 2610 promitti
1079 2580 1135 2586 —
1157 2572 1278 2597 oreas.
1324 2557 1403 2597 157
1436 2561 1550 2598 vobis
1570 2562 1759 2599 consului.

215 2626 297 2667 162
327 2628 467 2668 mirior
497 2652 552 2657 —
581 2629 659 2669 tibi
686 2627 848 2669 videor?
896 2624 1009 2668 Atta
1041 2623 1094 2665 14
1135 2627 1298 2666 accessit
1328 2648 1384 2655 —
1423 2627 1470 2667 ei.
1520 2623 1674 2669 Afran.
1705 2626 1757 2669 21

208 2697 429 2749 Meliusque
460 2703 518 2737 est
546 2699 623 2737 tibi
660 2720 713 2725 —
752 2698 930 2747 gratulor
959 2696 1052 2734 deis.
1112 2694 1167 2734 40
1205 2696 1416 2734 orbitatem
1446 2702 1538 2736 tuae
1569 2698 1761 2736 senectuti

210 2767 355 2805 malam
395 2767 531 2806 Metui.
592 2765 647 2807 45
685 2767 726 2805 di
763 2770 853 2805 sunt
883 2766 978 2804 irati
1006 2764 1092 2803 tibi.
1155 2762 1236 2803 116
1266 2779 1385 2816 parco
1415 2766 1524 2804 1111111.
1588 2765 1665 2805 161
1699 2777 1760 2817 sq.

206 2834 359 2874 Pistori
388 2837 514 2875 nubat
533 2851 602 2876 cur
631 2850 710 2875 non
738 2836 990 2883 scriblitario,
1018 2834 1072 2873 Ut
1091 2834 1227 2872 mittat
1250 2834 1386 2872 fratris
1406 2835 1489 2873 filio
1510 2834 1761 2873 lucunculos?
