2080 3480
891 204 949 207 m
1009 180 1179 221 43—

380 294 473 333 Cum
513 291 752 345 temporale
784 306 883 333 cum
912 293 997 334 ind.
1029 294 1312 336 coniunctum.
1354 292 1458 334 Pac.
1491 293 1546 333 65
1578 308 1664 332 cum
1693 296 1815 332 inter-

255 368 414 408 ventum
451 367 518 403 est.
580 358 742 414 Turpil.
775 360 861 404 214
904 364 1019 415 quasi
1056 379 1144 405 cum
1180 363 1320 405 ventus
1357 364 1434 403 fert
1463 362 1597 403 navim
1626 362 1669 402 in
1698 377 1816 403 mare.

254 429 345 471 Inc.
376 430 456 471 inc.
488 433 594 482 trag.
628 429 682 469 85
722 445 807 469 cum
844 433 975 482 genui.
1037 431 1092 473 86
1131 448 1217 473 cum
1253 434 1356 472 misi.
1420 431 1499 472 116
1530 431 1707 470 Eandem
1735 432 1815 471 vir-

254 505 378 541 tutem
407 523 463 528 —
493 500 624 539 veniet
655 504 809 551 tempus
840 515 927 539 cum
957 503 1135 552 graviter
1164 517 1306 554 gemes.
1352 500 1433 543 186
1465 503 1561 542 Cum
1589 505 1630 540 te
1660 504 1815 552 expete-

253 571 357 609 bant.
418 565 570 620 Pomp.
602 564 711 610 Bon.
744 567 798 608 55
830 569 1017 609 Decimus
1047 571 1192 610 mensis
1223 576 1300 620 est,
1338 585 1425 610 cum
1455 572 1601 610 factum
1632 574 1700 609 est.
1762 568 1814 609 77

252 638 345 677 Dies
375 638 439 676 hic
469 641 632 687 sextust,
663 652 748 676 cum
769 638 871 676 nihil
903 638 979 689 egi.
1023 633 1135 678 Cum
1166 636 1437 681 conjunctivo
1468 636 1621 680 Afran.
1653 637 1738 679 233
1769 639 1817 677 In

253 708 385 747 Gallia
422 708 556 747 ambos
593 721 680 746 cum
717 721 894 746 emerem.
954 703 1112 747 Laber.
1146 706 1200 747 59
1238 713 1374 749 tantus
1413 724 1499 748 cum
1537 714 1661 748 staret
1689 710 1817 761 pluor.

252 773 403 817 Afran.
435 775 490 816 50
522 776 617 816 Cum
649 798 702 804 ——
733 776 866 827 patria
903 776 1093 827 partisset
1128 777 1243 816 bona.
1307 776 1389 818 152
1419 792 1481 817 me
1518 791 1604 817 cum
1641 778 1818 830 privares

252 846 339 884 tui?
366 844 491 895 Quom
513 842 801 884 causale'cum
821 841 1052 884 indicativo
1075 842 1350 884 coniunctum
1372 848 1438 885 est
1458 843 1562 886 Pac.
1586 845 1668 886 207
1693 847 1818 893 Quom

255 936 309 941 —
332 914 500 962 dament,
533 910 723 953 admixta
746 914 891 953 tamen
912 909 1224 965 aliquantulum
1256 909 1568 965 significatione
1598 911 1817 967 temporis.

371 982 439 1022 51.
493 977 796 1022 Coniunctivus
841 993 878 1021 a.
922 978 1237 1022 condicionalis.
1293 978 1397 1022 Pac.
1436 981 1517 1022 391
1564 983 1746 1023 Priamus
1784 984 1817 1023 si

255 1054 419 1101 adesset,
451 1053 535 1103 ipse
567 1053 649 1091 eius
681 1053 1043 1091 commiseresceret.
1103 1048 1210 1092 Ace.
1245 1050 1296 1092 13
1329 1063 1390 1103 sq.

340 1143 487 1191 Quodsi
518 1166 573 1171 --
605 1147 729 1182 stares
758 1158 909 1183 mecum
940 1148 1009 1183 aut
1038 1157 1146 1182 meus
1179 1142 1252 1194 [te]
1284 1148 1497 1183 maestaret
1527 1144 1650 1193 dolor,

340 1224 424 1262 Iam
455 1224 525 1262 diu
554 1224 792 1263 inflammari
823 1224 991 1262 Atridae
1021 1224 1134 1263 navis
1164 1223 1367 1262 vidissent.

255 1313 360 1354 Ace.
393 1315 473 1354 561
517 1317 551 1354 si
588 1318 705 1367 inpar
743 1330 845 1354 esses
884 1317 980 1365 tibi,
1024 1330 1096 1366 ego
1132 1330 1234 1354 1111110
1271 1329 1349 1353 11011
1385 1329 1506 1353 essem
1546 1316 1674 1354 miser.
1733 1315 1817 1355 613

256 1396 348 1437 sqq.
380 1385 509 1425 virum
539 1384 832 1425 memorabilem
855 1386 966 1426 Intui
987 1385 1154 1434 viderer,
1185 1384 1227 1424 ni
1247 1385 1415 1425 vestitus
1435 1388 1563 1425 taeter
1583 1408 1637 1414 -—
1658 1386 1817 1437 praedi-

257 1459 399 1510 carent.
458 1451 550 1493 Inc.
587 1452 666 1493 ino.
704 1457 813 1506 trag.
846 1454 901 1494 58
933 1466 1024 1507 sqq.
1063 1455 1106 1492 ni
1136 1455 1338 1493 Palamedi
1370 1476 1424 1481 —
1454 1455 1667 1505 prudentia
1696 1455 1817 1493 Istius

255 1527 464 1573 perspexet
493 1547 548 1551 —
580 1523 794 1571 audaciam,
826 1524 924 1562 Fide
956 1528 1131 1562 sacratae
1162 1523 1223 1561 ius
1254 1545 1308 1551 —-
1339 1522 1505 1561 falleret.
1566 1518 1728 1574 Turpil.
1764 1521 1817 1562 10

256 1604 420 1641 possem.
480 1587 589 1630 Pall.
621 1589 702 1630 inc.
732 1589 813 1631 inc.
846 1590 897 1631 51
933 1592 976 1631 Si
1006 1606 1108 1630 nunc
1144 1591 1273 1629 redire
1303 1594 1436 1641 posset
1467 1613 1522 1618 —
1552 1591 1608 1629 sic
1640 1591 1816 1630 diceret?

255 1655 407 1698 Afran.
439 1658 523 1699 248
556 1671 646 1711 sqq.
682 1658 766 1699 254
803 1661 908 1711 quod
946 1661 980 1699 si
1017 1660 1192 1699 fecissem
1228 1660 1346 1711 paulo
1385 1659 1556 1711 saepius,
1599 1659 1817 1699 Didicisset

254 1729 365 1767 ferre.
426 1727 522 1768 308.
561 1728 643 1768 379
682 1740 743 1780 sq.
783 1729 826 1768 Si
863 1734 1023 1781 possent
1054 1751 1108 1756 —
1143 1729 1343 1767 haberent.
1403 1724 1555 1779 Pomp.
1587 1724 1697 1768 Bon.
1733 1727 1815 1768 123

252 1798 340 1848 plus
371 1798 525 1848 quaesti
555 1798 730 1847 facerem,
762 1813 878 1850 quam
909 1798 1122 1851 quadrinas
1153 1798 1187 1837 si
1217 1798 1401 1837 haberem
1431 1798 1565 1836 molas.
1625 1793 1737 1838 Nov.
1759 1796 1813 1838 53

255 1867 287 1904 si
319 1872 618 1917 percontassem,
650 1868 796 1905 Malum
827 1869 899 1906 hoc
929 1882 990 1906 me
1021 1868 1286 1919 praeterisset.
1349 1862 1442 1919 Syr.
1473 1866 1579 1906 sent.
1611 1864 1696 1906 428
1727 1868 1815 1918 quis

251 1935 435 1974 miserum
467 1937 594 1985 sciret,
624 1936 745 1977 verba
770 1938 848 1976 nisi
877 1938 1041 1977 haberet
1072 1936 1211 1976 dolor?
1255 1933 1337 1976 715
1370 1935 1614 1987 quietissime
1634 1936 1816 1976 viverent

252 2004 439 2051 homines,
472 2005 504 2041 si
536 2005 612 2042 duo
644 2007 764 2044 verba
794 2007 991 2044 tollerent.

368 2067 408 2110 b.
453 2067 575 2112 Ocni.
619 2071 865 2124 potentialis
903 2085 985 2126 quo
1024 2070 1241 2125 pertinent
1284 2069 1414 2113 etiam
1456 2069 1815 2125 interrogationes

254 2137 527 2180 dubitativae.
586 2138 688 2181 Pac.
723 2141 774 2181 12
806 2154 898 2193 sqq·
1296 2213 1312 2238 S
1316 2200 1354 2238 01
1385 2200 1419 2238 Si
1448 2204 1639 2252 perpetuo
1670 2200 1744 2239 siet

1743 2228 1755 2250 ‘7

340 2273 540 2328 Flammeo
571 2305 717 2342 vapore
747 2296 902 2329 torrens
934 2295 1060 2329 terrae
1091 2292 1235 2329 fretum
1267 2292 1459 2330 exusserit
1500 2320 1503 2326 ,

339 2370 457 2407 Nocti
488 2370 529 2407 ni
561 2370 837 2419 interveniant,
869 2371 1018 2408 fructus
1047 2384 1119 2420 per
1148 2371 1331 2421 pruinam
1362 2369 1620 2419 obriguerint.

255 2458 292 2498 v.
327 2458 409 2499 130
441 2460 484 2498 Si
515 2460 603 2511 quis
632 2461 705 2499 hac
734 2474 796 2498 me
834 2461 1011 2498 oratione
1048 2460 1201 2508 incilet‚
1238 2460 1335 2510 quid
1363 2457 1649 2511 respondeam?
1707 2459 1814 2500 Ace.

256 2527 311 2568 48
343 2542 442 2579 quae
472 2542 559 2567 cum
591 2542 808 2579 componas.
850 2540 886 2568 v.
919 2526 1001 2567 215
1024 2539 1085 2579 sq.
1116 2528 1165 2567 Id
1195 2528 1300 2579 quod
1318 2528 1435 2566 multi
1456 2528 1662 2567 invideant
1681 2529 1814 2568 multi-

254 2613 330 2650 que
369 2598 567 2650 expedant
604 2598 802 2637 inscitiast
832 2597 1055 2647 Postulare,
1092 2597 1172 2636 nisi
1208 2597 1383 2636 laborem
1422 2611 1570 2636 summa
1607 2611 1693 2636 cum
1724 2612 1817 2637 cura

252 2669 411 2708 ecferas.
455 2665 535 2707 231
572 2678 633 2719 sq.

308 2763 446 2812 Egone
476 2761 672 2811 Argivum
702 2760 911 2811 imperium
942 2759 1138 2809 attingam
1169 2763 1238 2797 aut
1268 2759 1434 2809 Pelopia
1464 2758 1601 2808 dignes
1632 2758 1773 2797 domo?

275 2835 278 2838 ’
309 2843 393 2891 Quo
424 2857 485 2882 me
517 2841 746 2882 ostendam?
788 2840 894 2893 quod
924 2840 1114 2892 templum
1145 2836 1311 2879 adeam?
1354 2852 1469 2890 quem
1499 2838 1704 2891 alloquar?
