2080 3480
256 267 336 307 etc.
398 263 481 305 735
519 265 680 316 roganti
717 266 858 305 melius
896 281 1014 318 quam
1051 267 1261 319 imperanti
1297 278 1447 318 pareas.
1509 263 1592 304 744
1629 279 1670 304 se
1707 279 1821 318 posse

255 337 346 387 plus
384 335 510 374 iratus
548 348 666 386 quam
703 335 832 386 possit
868 338 994 387 putat.
1056 335 1137 377 781
1176 350 1221 375 eo
1257 348 1387 374 carere
1417 334 1522 385 quod
1551 334 1700 374 invitus
1730 349 1818 387 pos-

256 404 395 444 sideas.
448 401 531 443 793
562 403 696 442 nullus
728 407 788 443 est
817 408 954 444 tantus
985 408 1168 457 quaestus
1199 418 1315 456 quam
1344 403 1449 456 quod
1473 402 1619 442 habeas
1648 417 1819 455 parcere.

257 471 342 512 800
374 473 497 519 Quem
533 472 638 511 bono
681 476 816 512 tenere
853 488 933 512 non
972 474 1165 525 potueris,
1208 474 1408 512 contineas
1442 473 1557 511 malo.
1617 471 1701 511 819
1733 486 1820 511 cum

256 540 418 580 inimico
440 541 633 591 ignosces,
665 541 812 581 amicos
833 542 960 593 gratis
980 542 1113 594 plures
1134 555 1344 594 compares.
1387 539 1470 581 826
1491 541 1564 580 Est
1593 540 1819 591 ignorantia

254 610 406 648 nescire
438 610 545 660 quod
573 623 720 660 pecces.

375 688 410 717 0.
448 673 758 718 Coniunctivus
778 675 1078 731 imperatorius
1098 674 1417 730 (adhortativus,
1439 675 1680 730 optativus).
1710 674 1817 717 Acc.

260 744 314 785 15
336 746 445 785 Iram
465 746 648 795 infrenes,
679 747 811 786 obstes
832 747 983 795 animis,
1015 746 1205 796 reprimas
1231 745 1517 784 confidentiam.
1564 744 1644 785 156
1666 745 1818 785 Virtuti

258 814 313 853 sis
351 828 435 867 par.
497 812 582 854 203
623 815 790 854 oderint.
849 811 1001 865 Pomp.
1033 812 1058 853 8
1090 824 1181 865 sqq.
1212 813 1389 853 Pendeat
1430 826 1476 852 ex
1511 814 1656 853 umeris
1694 813 1818 853 dulcis

260 884 393 934 chelys
424 883 478 921 Et
514 898 696 922 numeros
734 885 825 922 edat
861 884 1008 930 varios,
1047 883 1188 932 quibus
1217 881 1396 919 Adsonet
1431 896 1543 920 omne
1580 906 1636 911 —
1672 897 1817 921 nemus.

260 947 352 992 Ino.
383 949 464 992 inc.
495 952 603 1004 trag.
638 950 718 992 159
750 952 916 991 Pereant
954 951 1086 1000 amici,
1129 950 1220 989 dum
1261 949 1412 988 inimici
1447 963 1526 989 una
1562 950 1816 991 intercidant!

260 1018 367 1059 Aoo.
398 1021 536 1072 praet.
560 1019 614 1059 36
636 1021 731 1058 haec
751 1021 848 1058 bene
867 1022 1097 1058 verruncent
1127 1018 1284 1069 popu10.
1328 1014 1489 1069 Turpil.
1516 1017 1596 1056 102
1618 1019 1660 1057 di
1690 1020 1818 1057 istunc

262 1088 460 1139 perduint.
512 1087 593 1128 139
614 1088 667 1126 Di
698 1088 967 1127 advenientem
988 1087 1165 1138 perdant.
1207 1081 1314 1125 Pall.
1344 1083 1424 1125 inc.
1455 1083 1535 1125 inc.
1567 1084 1622 1126 82
1643 1087 1706 1126 Ab
1737 1087 1817 1126 alio

259 1159 441 1207 expectes
470 1172 513 1188 =
552 1151 646 1208 Syr.
678 1156 782 1195 sent.
818 1155 852 1194 1.
896 1151 1023 1194 Titin.
1056 1153 1106 1193 51
1140 1154 1305 1192 nuntiet.
1347 1150 1498 1193 Afran.
1534 1152 1614 1192 120
1644 1154 1818 1193 Iactabit

258 1238 351 1263 sese.
384 1247 439 1253 —-
470 1224 609 1263 Iactet.
661 1223 746 1264 264
778 1225 819 1263 di
849 1228 888 1263 te
917 1224 1146 1263 mactassint
1174 1223 1288 1262 malo.
1339 1221 1422 1262 356
1453 1236 1600 1273 parcas.
1651 1222 1734 1263 359
1763 1224 1816 1262 Di

257 1292 335 1330 tibi
374 1290 471 1330 dent
507 1293 688 1343 propria,
727 1306 827 1342 quae
864 1305 1026 1343 cumque
1063 1292 1223 1341 eoeoptes
1261 1292 1374 1329 bona.
1433 1287 1582 1342 Pomp.
1620 1287 1728 1331 Bon.
1760 1290 1815 1331 35

257 1360 356 1399 bene
388 1361 544 1399 evenat!
596 1358 652 1399 36
683 1360 748 1399 Ita
778 1360 847 1398 sit:
879 1360 999 1398 etiam
1029 1359 1106 1397 tibi
1133 1358 1233 1397 bene
1262 1359 1325 1397 sit.
1368 1356 1422 1397 92
1452 1358 1689 1398 Evannetur.
1735 1357 1815 1399 137

258 1433 297 1466 te
328 1429 371 1466 di
401 1450 457 1457 —
487 1429 728 1467 mactassint.
789 1424 898 1467 Nov.
931 1426 986 1466 24
1017 1428 1184 1465 Multum
1220 1441 1341 1475 ames,
1382 1428 1543 1478 paulum
1572 1428 1639 1466 des
1670 1428 1815 1478 crebro,

260 1497 395 1536 venias
434 1500 623 1536 rarenter.
685 1491 778 1549 Syr.
810 1496 916 1535 sent.
952 1493 1003 1535 18
1035 1508 1139 1534 ames
1176 1498 1392 1546 parentem,
1435 1496 1472 1534 si
1498 1509 1643 1546 aequus
1674 1500 1749 1535 est:
1780 1497 1815 1535 si

259 1565 388 1614 aliter,
420 1565 533 1602 feras.
595 1562 651 1602 20
683 1564 800 1602 amici
829 1576 956 1601 mores
986 1563 1152 1611 noveris,
1183 1576 1260 1602 non
1290 1564 1429 1601 oderis.
1483 1562 1564 1602 122
1595 1564 1679 1603 dies
1709 1565 1815 1615 quod

258 1634 390 1682 donat,
422 1633 574 1671 timeas.
639 1631 719 1671 129
751 1633 863 1671 dulce
893 1632 1013 1670 etiam
1043 1631 1190 1681 fugias,
1221 1632 1306 1670 fieri
1335 1632 1439 1682 quod
1469 1646 1642 1671 amarum
1671 1636 1812 1684 potest.

262 1699 341 1740 157
374 1701 478 1739 feras
508 1700 653 1739 facilia.
719 1698 800 1739 158
831 1701 951 1748 feras,
988 1713 1066 1737 non
1096 1700 1225 1750 culpes
1256 1700 1360 1749 quod
1389 1700 1534 1739 mutari
1563 1714 1642 1739 non
1671 1704 1812 1751 potest.

257 1767 341 1808 206
368 1768 411 1807 id
432 1781 537 1818 agas.
589 1766 673 1807 239
694 1767 840 1806 iratum
869 1767 1044 1806 breviter
1073 1767 1183 1806 vites.
1233 1764 1316 1806 258
1337 1767 1537 1806 licentiam
1557 1768 1624 1807 des
1643 1769 1813 1819 linguae,

256 1851 343 1875 cum
380 1850 517 1875 verum
553 1839 676 1887 petas.
743 1833 827 1874 279
864 1836 1054 1874 1111311οψ-
1084 1849 1221 1886 parcas
1259 1835 1338 1874 etc.
1398 1833 1481 1874 325
1517 1837 1574 1874 nil
1609 1837 1813 1888 proprium

256 1905 375 1943 ducas
407 1904 513 1955 quod
543 1904 689 1942 mutari
720 1903 880 1954 possiet.
941 1900 1025 1941 415
1057 1903 1204 1952 cogites
1241 1920 1283 1936 =
1321 1901 1416 1942 690.
1477 1902 1560 1943 536
1590 1905 1674 1956 ipse
1704 1907 1812 1945 noris

256 1973 462 2011 neminem.
525 1970 606 2012 547
640 1972 803 2010 alterius
835 1972 1019 2010 damnum
1049 1971 1235 2021 gaudium
1264 1971 1369 2010 haud
1398 1972 1518 2012 facias
1548 1976 1667 2013 tuum.
1729 1972 1811 2014 569

256 2055 373 2091 cogas
394 2044 591 2080 amantem
621 2040 750 2089 irasci,
781 2040 906 2079 amari
936 2040 971 2078 si
1000 2040 1109 2079 velis.
1153 2037 1236 2079 570
1267 2041 1525 2081 conscientiae
1544 2042 1675 2093 potius
1696 2057 1813 2094 quam

255 2110 383 2149 famae
413 2109 640 2148 attenderis.
685 2107 769 2147 674
799 2105 952 2147 nullum
981 2108 1181 2159 putaveris
1202 2122 1283 2147 esse
1312 2110 1439 2148 locum
1459 2110 1543 2149 sine
1572 2114 1683 2150 teste.
1727 2110 1812 2151 810

253 2179 510 2217 solitudinem
548 2180 729 2228 quaerat,
768 2176 837 2226 qui
873 2177 960 2215 vult
997 2190 1081 2215 cum
1119 2177 1389 2216 iunocentibus
1418 2179 1560 2218 vivere.
1622 2178 1704 2219 786
1734 2180 1811 2219 Ne-

253 2246 399 2284 minem
420 2247 499 2284 cito
529 2244 773 2284 accusaveris
794 2244 986 2282 neminem
1007 2244 1084 2282 cito
1105 2244 1336 2284 laudaveris.
1386 2244 1469 2286 836
1491 2247 1669 2286 inimicos
1699 2248 1811 2286 ferat.

370 2312 408 2353 d.
453 2309 760 2354 Coniunctivus
791 2309 1040 2351 coniunctus
1068 2323 1162 2351 cum
1182 2310 1393 2364 particula
1422 2312 1582 2353 utinam
1623 2311 1729 2354 Acc.
1756 2313 1811 2355 52

252 2383 406 2421 utinam
436 2404 492 2410 —
523 2384 742 2420 mactasset.
790 2379 869 2419 167
901 2380 1060 2418 Utinam
1082 2403 1135 2408 ——-
1156 2381 1333 2419 Tutetur.
1379 2380 1461 2421 190
1490 2382 1642 2420 utinam
1672 2387 1813 2421 memet

252 2451 400 2501 possim
431 2450 626 2489 obliscier.
670 2445 833 2501 Turpil.
869 2446 949 2488 125
981 2448 1013 2487 O
1033 2449 1185 2487 utinam
1214 2463 1316 2488 1111110
1346 2450 1452 2501 apud
1480 2450 1611 2500 ignem
1641 2451 1812 2502 aliquem

252 2541 308 2546 -—
340 2518 529 2557 adsidam.
577 2516 658 2557 192
679 2518 842 2556 Utinam
872 2517 1018 2568 possim
1048 2517 1125 2555 tibi
1154 2517 1300 2555 referre
1320 2518 1501 2567 gratiam.
1552 2516 1634 2557 207
1660 2519 1812 2559 utinam

250 2588 354 2626 istuc
383 2590 617 2639 perpetuum
648 2586 770 2625 itiner
799 2586 854 2625 sit
883 2585 976 2624 tibi!
1019 2581 1121 2624 Pac.
1149 2582 1229 2624 138
1260 2586 1421 2625 Utinam
1441 2600 1543 2625 nunc
1571 2590 1810 2627 matrescam.

367 2666 402 2695 e.
454 2649 761 2696 Coniunctivus
809 2651 854 2692 in
902 2650 1307 2704 interrogationibus
1356 2650 1538 2705 obliquis
1581 2666 1810 2707 earumque

248 2720 459 2765 similibus
489 2712 854 2764 enuntiationibus
885 2717 1116 2763 obiectivis.
1174 2717 1276 2762 Pac.
1311 2719 1393 2761 100
1422 2722 1556 2763 inveni
1577 2746 1633 2751 —
1654 2724 1811 2764 Orestes

247 2798 338 2833 uter
367 2797 479 2833 esset.
523 2789 626 2832 Pac.
653 2790 703 2831 17
727 2792 778 2830 ad
808 2791 1084 2842 quaerendum,
1116 2791 1213 2842 quid
1243 2791 1330 2830 siet.
1373 2789 1429 2830 30
1450 2791 1513 2831 dic
1532 2792 1628 2843 quid
1657 2793 1810 2834 faciam.
