2080 3480
911 258 1199 299 --37ᾖ

279 375 403 419 nibus
437 355 544 419 locis
582 389 661 431 pro
699 373 979 417 substantivo.
1038 373 1144 416 Acc.
1177 375 1231 417 64
1263 378 1331 429 qui
1361 377 1479 416 ducat
1509 376 1590 415 etc.
1651 371 1738 413 410
1768 370 1841 426 qui

281 460 350 486 vos
379 446 707 499 pascet-postea?
767 443 852 484 458
884 445 958 491 Qui
996 446 1071 483 erit
1090 446 1180 502 etc.
1241 444 1323 485 562
1355 446 1424 496 qui
1454 468 1510 473 —
1540 443 1703 483 mandet
1732 464 1789 469 —
1819 440 1838 479 P

278 512 359 557 inc.
396 513 477 556 inc.
507 517 616 566 trag.
648 513 715 554 99.
760 510 892 566 Turp.
924 512 979 554 80
1017 515 1085 566 qui
1120 515 1189 555 illo
1226 516 1382 555 homine
1414 515 1518 555 vivit
1548 509 1837 553 confidentius?
1908 561 1913 565 ι

281 586 324 625 et
352 582 397 624 in
425 582 571 624 interr.
604 580 779 636 obliqua
802 579 910 623 Acc.
931 582 1014 624 343
1045 582 1115 638 qui
1145 586 1198 624 sis
1228 585 1391 637 explica.
1434 581 1587 637 Pomp.
1616 579 1728 624 Bon.
1754 579 1836 622 110

279 655 428 703 indica,
467 650 548 703 Qui
585 653 687 691 illud
717 667 855 692 aurum
891 653 1109 694 abstulerit,
1170 649 1263 707 Syr.
1295 655 1402 694 sent.
1436 651 1517 694 142
1549 653 1732 693 oblivisci
1762 648 1835 705 qui

280 723 344 761 sis.
387 717 514 762 Adde
545 718 743 776 quisnam.
788 718 890 762 Pac.
925 720 1004 763 133
1035 723 1222 774 quidnam
1251 727 1382 763 autem
1410 724 1483 762 hoc
1512 722 1634 762 soniti
1663 725 1723 761 est
1745 720 1834 760 —P

283 790 369 830 294
398 792 529 830 nescio
560 792 746 842 quidnam
777 796 846 831 est.
889 789 994 832 Acc.
1025 792 1079 832 86
1110 807 1301 844 quaenam
1330 779 1426 831 haec
1455 793 1598 830 mulier
1626 795 1695 829 est.
1747 790 1831 830 388

279 859 515 911 quibusnam
546 863 587 899 te
617 860 754 900 aibant
773 864 948 900 exortam
976 861 1099 901 locis?
1151 856 1242 901 Ino.
1272 858 1353 901 inc.
1383 861 1494 912 trag.
1525 857 1610 900 249
1642 873 1833 911 quaenam

281 929 447 978 adigunt
457 951 508 956 —
518 929 537 967 1>
558 927 640 968 657
650 926 824 979 Quinam
832 931 1031 969 —modus
1043 930 1236 968 Paretur?
1245 951 1299 958 —-
1310 927 1445 983 ecquis
1451 925 1560 967 Ace.
1569 927 1654 968 233
1669 925 1831 966 cuiatis.

278 994 386 1038 Aoo.
408 995 463 1038 22
494 998 634 1038 cuiatis
664 998 836 1051 stirpem.
878 997 961 1039 625
993 998 1134 1039 cuiatis
1165 1001 1277 1038 esset.
1319 993 1479 1038 Labor.
1504 995 1586 1038 148
1608 991 1703 1051 Syr.
1725 993 1831 1037 sent.

280 1065 374 1107 618.
396 1090 451 1095 —
479 1064 630 1120 Pomp.
660 1063 769 1107 Bon.
804 1066 884 1108 158
914 1065 1086 1122 Nunqui
1115 1068 1179 1107 hic
1208 1067 1368 1106 restitit.
1411 1063 1522 1107 Pall.
1551 1064 1632 1107 inc.
1661 1064 1743 1107 inc.
1776 1064 1830 1106 97

277 1137 476 1188 numquid.
526 1132 677 1189 Pomp.
707 1133 817 1177 Bon.
847 1136 898 1176 67
931 1137 1222 1188 numquidnam.
1272 1133 1395 1176 Alibi
1423 1147 1509 1176 non
1539 1132 1708 1188 legitur.

393 1202 655 1245 Pronomina
674 1202 902 1245 indefinita.
951 1202 1051 1245 Pac.
1073 1203 1128 1245 25
1149 1221 1199 1244 an
1219 1206 1306 1256 quis
1327 1210 1387 1244 est
1406 1229 1462 1234 —
1483 1205 1502 1244 P
1555 1203 1636 1245 130
1667 1205 1712 1244 Si
1742 1205 1830 1255 quis

284 1291 325 1306 =
370 1271 450 1313 inc.
480 1271 562 1312 inc.
600 1275 697 1325 trag
730 1272 812 1313 120
849 1291 891 1307 =
931 1271 1024 1312 150.
1083 1270 1189 1313 Acc.
1222 1272 1304 1313 326
1343 1273 1387 1313 Si
1422 1278 1523 1313 esset
1559 1273 1659 1325 quis.
1718 1268 1828 1312 Acc.

275 1340 359 1381 262
395 1343 457 1380 uti
494 1343 567 1380 cui.
628 1340 712 1387 292
752 1356 802 1381 ne
839 1342 936 1392 quis.
995 1338 1145 1393 Pomp.
1176 1338 1284 1381 Bon.
1319 1341 1399 1382 145
1436 1343 1470 1381 si
1508 1339 1575 1381 eui
1605 1338 1706 1395 quid
1733 1341 1829 1379 boni

278 1410 433 1449 Evenit.
495 1404 588 1464 Syr.
625 1411 730 1450 sent.
768 1408 852 1450 540
883 1423 958 1462 quo
996 1407 1096 1463 quid
1128 1410 1405 1449 vindicandum
1441 1414 1510 1449 est.
1573 1408 1654 1449 729
1690 1409 1829 1448 Refert

276 1493 394 1530 quam
423 1476 514 1532 qui-3
551 1479 649 1518 bene
685 1480 806 1519 vivat.
867 1474 1024 1519 Cetera
1055 1475 1249 1530 exempla
1285 1475 1409 1519 huius
1438 1475 1703 1531 pronominis
1732 1474 1827 1518 vide

277 1544 391 1598 apud
420 1543 705 1586 Ribbeckium
741 1544 785 1586 in
822 1548 1002 1599 utroque
1038 1544 1188 1586 indice.
1220 1571 1275 1575 --
1305 1544 1470 1600 Aliquis
1505 1543 1612 1586 Acc.
1643 1544 1728 1585 428
1767 1560 1828 1584 res

275 1617 418 1666 aliqua.
489 1614 571 1655 425
616 1615 787 1654 Oeneum
829 1617 973 1667 aliquis
1014 1620 1115 1655 cette
1155 1617 1197 1654 in
1238 1619 1496 1667 conspectum.
1556 1611 1829 1655 Comioorum

276 1680 471 1736 exempla
501 1679 594 1723 vide
626 1680 740 1736 apud
768 1680 896 1725 Ribb.
927 1681 972 1724 in
1001 1681 1085 1724 ind.
1113 1707 1169 1712 —
1196 1681 1383 1738 quosdam
1415 1680 1572 1736 legitur
1591 1680 1698 1723 Acc.
1731 1681 1827 1734 477,

275 1750 534 1794 comicorum
554 1750 748 1804 exempla
766 1752 1030 1804 pronominis
1050 1753 1214 1808 quidam
1235 1750 1330 1794 vide
1350 1765 1417 1804 ap.
1433 1750 1560 1793 Ribb.
1581 1750 1828 1794 Pronomen

275 1819 476 1875 quispiam
506 1818 670 1862 duobus
706 1822 872 1861 tantum
901 1818 1006 1862 locis
1035 1820 1207 1874 legitur,
1243 1819 1324 1861 inc.
1354 1818 1434 1861 inc.
1465 1823 1572 1873 trag.
1605 1820 1688 1861 257
1719 1822 1824 1872 quis-

274 1890 382 1941 piam
417 1891 598 1941 princeps
634 1903 765 1939 senex,
810 1891 854 1929 et
889 1886 1042 1929 Afran.
1073 1888 1128 1929 29
1171 1890 1357 1928 Terentio
1393 1903 1472 1928 non
1513 1890 1682 1929 similem
1719 1891 1826 1928 dices

274 1958 506 2010 quempiam.
546 1982 602 1987 —
632 1955 793 2011 quidvis
830 1953 991 2010 Turpil.
1035 1957 1134 2008 1443
1178 1954 1331 2009 Pomp.
1368 1954 1478 1998 Bon.
1518 1956 1599 1998 163
1642 1958 1825 1998 Cuiusvis

274 2026 438 2078 leporis;
469 2022 593 2067 Publ.
614 2021 701 2079 Syr.
724 2024 774 2066 21
806 2025 939 2066 Cuivis
968 2030 1098 2078 potest
1128 2026 1304 2065 accidere
1335 2026 1441 2078 quod
1470 2026 1653 2078 cuiquam
1682 2029 1825 2078 potest.

274 2093 553 2147 —quisquam
565 2093 672 2135 Aoo.
704 2094 786 2134 217
808 2096 866 2134 Ne
891 2118 937 2124 -—-
962 2096 1178 2146 quisquam.
1220 2094 1304 2134 262
1324 2096 1461 2146 Neque
1481 2097 1699 2146 quisquam.
1741 2094 1826 2135 285

274 2162 414 2215 quibus
444 2163 567 2203 oculis
588 2161 798 2219 quisquam
817 2168 994 2203 nostrum
1013 2163 1163 2217 poterit
1183 2184 1239 2192 —·
1260 2164 1383 2216 optui.
1426 2162 1511 2205 418
1534 2164 1609 2213 Qui
1629 2165 1735 2218 potis
1766 2169 1826 2205 est

272 2234 400 2270 refelli
421 2231 641 2287 quisquam.
680 2231 763 2271 422
783 2246 909 2284 neque
929 2234 1137 2285 quicquam
1156 2234 1230 2270 ulli
1242 2234 1452 2285 Proprium
1472 2235 1612 2272 invita
1632 2238 1702 2272 est.
1732 2231 1824 2273 Ino.

271 2299 351 2341 inc.
381 2302 489 2354 trag.
523 2300 603 2341 122
625 2302 788 2340 dubium
816 2302 859 2341 id
888 2316 938 2341 an
968 2299 1154 2355 cuiquam
1186 2302 1297 2341 fuat?
1340 2298 1502 2354 Turpil.
1525 2301 1580 2343 34
1600 2303 1825 2355 Numquam

273 2395 329 2399 —
355 2385 596 2423 quemquam.
647 2369 727 2411 115
756 2371 962 2423 quisquam
989 2371 1104 2409 deus..
1148 2368 1231 2410 209
1259 2371 1317 2410 nil
1344 2371 1563 2423 quicquam.
1606 2367 1736 2413 Titin.
1772 2370 1825 2413 10

272 2454 397 2491 neque
427 2441 519 2478 ferit
548 2453 780 2491 quemquam
798 2441 959 2477 hostem.
1003 2437 1058 2477 30
1088 2440 1123 2476 si
1152 2440 1369 2490 quisquam.
1410 2436 1564 2479 Afian.
1585 2439 1671 2479 424
1690 2441 1826 2479 Etiam

273 2510 482 2562 quicquam
503 2509 647 2561 egisti?
683 2505 868 2561 Reliqua
886 2504 980 2549 vide
1001 2504 1116 2559 apud
1127 2502 1253 2548 Ribb.
1269 2532 1325 2537 —
1338 2505 1507 2562 quisque
1518 2505 1627 2550 Ace.
1659 2507 1745 2551 262
1765 2511 1827 2550 uti

274 2579 337 2618 cui
358 2579 523 2632 quicque
548 2578 707 2619 obvium
725 2578 880 2618 Fuerat.
929 2572 1037 2617 Pall.
1059 2573 1138 2616 inc.
1159 2572 1240 2616 inc.
1264 2575 1317 2617 75
1341 2573 1417 2616 Sui
1437 2574 1587 2632 quique
1606 2591 1734 2619 mores
1753 2579 1825 2619 fin-

273 2653 373 2698 gunt
392 2650 600 2688 fortunam.
641 2645 827 2699 Reliqua
838 2643 932 2688 vide
953 2657 1019 2697 ap.
1032 2641 1158 2685 Ribb.
1200 2641 1271 2685 De
1292 2644 1405 2685 alius
1416 2643 1514 2687 vide
1525 2643 1825 2698 Ribbeckium,

273 2728 562 2759 commemoro
582 2713 734 2759 Afran.
756 2715 811 2757 23
841 2727 902 2770 sq.
932 2697 1032 2780 {lius
1053 2718 1111 2754 est
1130 2713 1262 2764 Amor,
1283 2714 1398 2754 Alius
1419 2714 1585 2768 Cupido.
1607 2739 1662 2745 —
1683 2714 1826 2756 nullus

272 2784 410 2828 tribus
446 2785 514 2828 vel
544 2789 748 2840 quattuor
782 2783 888 2827 locis
917 2781 996 2837 pro
1027 2781 1290 2824 substantivo
1320 2786 1576 2836 usurpatum
1607 2787 1684 2835 est,
1713 2782 1824 2825 Pall.

271 2851 352 2896 inc.
382 2853 463 2897 inc.
496 2856 552 2898 80
581 2858 630 2897 In
658 2857 808 2896 nullum
838 2869 978 2895 avarus
1006 2855 1131 2894 bonus
1162 2856 1237 2902 est,
1276 2852 1317 2891 in
1347 2866 1388 2892 se
1417 2854 1609 2905 pessimus
1648 2872 1690 2887 =
1728 2848 1825 2908 Syr.

272 2925 377 2964 sent.
411 2928 505 2965 224.
564 2923 619 2966 ib.
655 2925 708 2966 72
737 2927 890 2965 nullum
919 2925 1063 2963 fallere.
1124 2921 1207 2962 675
1237 2922 1367 2960 nullus
1398 2923 1631 2974 sapientum.
