2080 3479
918 167 1208 208 ψ56-

279 278 405 331 plura
434 276 626 318 subiecta
656 276 764 318 Aoo.
797 279 881 320 349
913 282 1116 322 Persuasit
1145 296 1298 322 maeror
1327 283 1518 322 anxitudo
1549 294 1690 332 aegror
1719 283 1841 322 dolor.

280 345 433 388 Afran.
468 345 550 387 140
587 361 650 386 res
680 352 837 400 tempus
867 350 993 399 locus,
1037 352 1155 391 simul
1186 353 1310 392 otium
1337 351 1581 390 hortabatur.
1613 372 1667 378 —
1697 346 1841 391 Parti-

281 415 393 470 cipia
423 412 651 469 singularis
682 415 850 459 numeri
879 424 1097 471 praesente,
1129 422 1291 461 absente
1311 417 1441 461 etiam
1461 415 1576 471 apud
1594 414 1672 459 hos
1692 421 1843 471 poetas

281 484 518 537 scaenicos,
558 483 670 525 sicut
700 484 815 539 apud
845 484 1024 540 prioreS,
1056 500 1174 529 cum·
1181 487 1338 542 plurali
1367 485 1620 530 substantivi
1647 485 1715 528 vel
1743 498 1841 540 pro-

281 552 464 596 nominis
495 552 826 607 ooniunguntur.
868 553 975 597 Aeo.
998 556 1081 597 428
1112 562 1318 609 praesente
1347 559 1420 598 his.
1462 554 1613 598 Afran.
1635 556 1661 597 6
1682 558 1843 597 absente

280 625 405 664 nobis.
465 619 621 677 Pomp.
652 620 764 665 Bon.
796 623 849 665 47
881 630 1088 678 praesente
1120 627 1265 667 amicis.
1310 623 1400 668 >168
1430 631 1635 679 praesente
1664 626 1842 667 testibus.

281 690 391 733 Νῦν.
423 692 476 733 57
509 698 717 745 praesente
748 695 939 732 omnibus.

398 757 550 804 Verba
589 759 894 815 impersonalia
929 760 1086 824 aqtiva:
1129 759 1232 803 Pac.
1264 762 1319 803 44
1358 764 1464 803 dolet
1500 764 1699 815 pigetque.
1762 761 1843 804 198

284 832 421 883 Neque
449 836 490 870 te
520 832 597 869 mei
627 832 797 869 miseret.
841 829 925 870 354
950 831 1158 868 miseretur
1187 831 1249 868 tui
1280 827 1410 880 (Non.
1433 830 1530 882 477,
1566 830 1616 871 16
1638 832 1845 870 miseretur

284 912 362 953 pro
393 897 596 952 miseret).
656 897 763 939 Ace.
794 897 878 938 312
910 910 970 950 sq.
1007 913 1134 949 neque
1169 903 1209 937 te
1245 913 1371 950 neque
1409 915 1642 951 quemquam
1671 901 1845 940 arbitror

285 970 393 1008 Tuae
422 968 674 1019 paeniturum
704 967 843 1005 laudis.
885 962 975 1005 Ino.
1006 963 1084 1005 inc.
1116 966 1224 1017 trag.
1247 964 1299 1005 21
1333 967 1406 1005 hoe
1436 968 1544 1006 dolet
1570 968 1694 1018 pudet
1722 968 1844 1019 piget.

285 1035 370 1076 245
402 1047 462 1087 sq.
493 1036 602 1074 nilne
631 1039 671 1072 te
692 1035 844 1072 Horum
874 1035 1066 1082 fortunae,
1097 1034 1155 1071 nil
1177 1035 1479 1074 commiserescit
1502 1035 1638 1074 meae?
1681 1032 1844 1087 Turpil.

271 1097 339 1143 '55
378 1105 502 1150 Quam
538 1102 677 1140 matris
720 1102 780 1139 tui
818 1102 945 1151 patris
975 1115 1036 1139 me
1074 1102 1284 1140 miseretur
1312 1103 1439 1152 magis
1482 1098 1611 1154 (Non.
1641 1102 1744 1153 477,
1792 1103 1844 1142 14

282 1174 490 1212 miseretur
526 1182 605 1223 pro
644 1166 847 1223 miseret).
908 1166 1021 1210 Atta
1053 1168 1075 1210 7
1114 1170 1232 1210 Nilne
1269 1175 1309 1210 te
1346 1172 1483 1223 populi
1519 1176 1688 1211 veretur.
1750 1167 1843 1225 Syr.

281 1243 387 1283 sent.
420 1240 445 1281 5
477 1241 528 1280 ad
557 1240 839 1292 paenitendum
869 1244 1070 1291 properat.
1121 1238 1205 1279 516
1237 1241 1484 1292 paenitenda.
1526 1236 1845 1293 Nonnunquam

280 1307 567 1363 personaliter
596 1309 876 1359 usurpantur:
908 1305 1010 1348 Pae.
1043 1307 1094 1347 31
1128 1309 1318 1360 Proloqui
1341 1324 1420 1348 non
1440 1310 1699 1360 paenitebunt
1728 1310 1845 1348 liberi

280 1381 440 1431 ingrato
471 1392 519 1417 ex
548 1378 644 1416 loco.
688 1375 769 1416 391
804 1377 889 1429 ipse
920 1378 1004 1416 eius
1035 1378 1393 1417 commiseresceret.
1445 1374 1606 1430 Turpil.
1642 1376 1723 1418 104
1752 1392 1845 1418 num

280 1449 393 1487 illam
422 1448 539 1485 illaec
568 1446 746 1497 pudent?
794 1442 1094 1497 Impersonale
1124 1443 1340 1497 passivum
1371 1448 1436 1485 est
1465 1457 1532 1497 ap.
1565 1443 1727 1498 Turpil.
1764 1446 1840 1485 141

281 1517 341 1556 ita
371 1519 615 1555 conventum.

401 1583 467 1622 53.
518 1579 749 1621 Adiectiva
786 1579 1149 1621 substantivorum
1184 1579 1274 1620 viee
1312 1580 1556 1633 funguntur.
1623 1579 1725 1621 Pac.
1762 1581 1842 1621 153

284 1652 502 1705 promerita
532 1654 674 1691 vestra.
724 1645 814 1690 Ine.
845 1646 925 1690 inc.
957 1649 1066 1702 trag.
1098 1648 1183 1690 260
1213 1650 1255 1689 in
1285 1651 1462 1690 secundis
1494 1675 1549 1679 —
1580 1650 1623 1689 in
1653 1650 1841 1691 adversis.

285 1717 378 1773 Syr.
411 1721 517 1759 sent.
551 1719 636 1759 470
675 1720 717 1756 in
753 1719 895 1757 dubiis.
958 1718 1040 1757 513
1072 1719 1115 1756 in
1145 1719 1318 1758 adversis
1350 1741 1405 1746 —
1436 1720 1477 1757 in
1507 1719 1696 1757 secundis.
1758 1717 1841 1758 696

283 1791 324 1828 in
355 1790 543 1829 adversis.
603 1784 756 1827 Afran.
791 1785 845 1826 78
875 1787 1039 1825 nimium
1072 1784 1184 1836 (bis).

532 1956 617 1992 lv.
658 1956 735 1991 lle
760 1953 1199 1991 enuntiationibus
1224 1954 1278 1990 et
1300 1953 1589 2000 particulis.

402 2060 468 2101 54.
519 2056 776 2112 Asyndeton
817 2056 884 2098 vel
926 2056 1186 2110 singulorum
1229 2055 1530 2099 vocabulorum
1571 2056 1637 2099 vel
1680 2057 1844 2100 enunti-

284 2128 497 2170 ationum:
528 2126 635 2168 Ace.
669 2126 764 2167 393.
797 2125 892 2166 394.
925 2126 1020 2166 437.
1054 2125 1137 2165 444
1169 2138 1229 2178 sq.
1273 2126 1356 2166 614
1387 2139 1477 2179 sqq.
1509 2129 1675 2167 vestitus
1705 2133 1843 2177 taeter,

284 2199 497 2247 vastitudo,
529 2196 781 2236 MaestitudO.
823 2190 915 2235 Ino.
946 2191 1027 2234 inc.
1058 2195 1166 2246 trag.
1202 2193 1282 2234 198
1303 2196 1550 2234 Horrendum
1580 2196 1845 2235 miserandum

284 2269 447 2320 inpium.
509 2265 593 2306 207
627 2276 688 2317 Sq.
720 2265 919 2316 palaestra
948 2264 1099 2303 Eurota
1136 2265 1195 2303 sol
1231 2264 1362 2315 pulvis
1399 2265 1513 2303 labor
1542 2265 1700 2304 Militia.
1760 2253 1847 2304 210

283 2339 364 2377 Vos
395 2337 500 2375 enim
530 2336 691 2374 iuvenes
722 2333 896 2372 animum
925 2332 1065 2382 geritis
1095 2332 1333 2382 muliebrem,
1365 2334 1435 2372 illa
1463 2334 1578 2383 virgo
1608 2333 1697 2372 viri.
1739 2329 1844 2373 Acc-

282 2407 420 2459 praet.
453 2404 520 2445 29.
552 2399 717 2454 Turpil.
753 2400 834 2441 195
871 2401 981 2440 tollit
1009 2401 1146 2439 aufert.
1207 2399 1286 2441 201
1322 2402 1513 2440 Coronam
1543 2415 1715 2439 mensam
1744 2402 1846 2440 talos

282 2477 430 2515 vinum.
491 2471 577 2512 208
607 2466 848 2519 Nobilitate,
887 2470 1066 2508 factione.
1126 2466 1278 2509 Afran.
1311 2469 1336 2508 9
1367 2470 1475 2508 Mare
1512 2470 1660 2508 caelum
1689 2474 1845 2509 terram.

286 2541 365 2584 171
401 2541 618 2594 Suppliciis
655 2543 816 2591 sumptu
856 2539 960 2578 votis
1003 2538 1116 2576 donis
1153 2538 1345 2589 precibus.
1407 2533 1568 2589 Turpil.
1610 2536 1690 2577 114
1726 2538 1847 2578 Maris

281 2612 445 2663 scopuli,
478 2610 648 2656 sonitus,
680 2608 873 2655 solitudo,
904 2607 1129 2645 sanctitudo
1159 2606 1370 2656 Apollinis.
1430 2602 1539 2644 Pall.
1570 2603 1649 2645 ino.
1678 2604 1760 2645 inc.
1794 2605 1844 2645 71

281 2681 440 2722 Clamor
469 2678 625 2730 lapides
656 2678 781 2716 fustes
811 2676 950 2727 gladii.
1011 2669 1164 2714 Afran.
1197 2671 1280 2713 245
1312 2684 1404 2726 sqq.
1435 2673 1587 2713 involat
1616 2673 1665 2712 In
1694 2674 1846 2724 collum,

279 2752 412 2803 plorat
444 2752 549 2797 orat,
591 2747 761 2786 occurrit
791 2760 914 2797 nepos
944 2744 1163 2792 Pausillus,
1202 2744 1332 2795 neptis
1362 2757 1480 2794 porro
1512 2743 1560 2781 de
1590 2743 1692 2781 lecto
1722 2743 1847 2793 frigit.

280 2817 365 2861 252
396 2817 549 2859 Vixisti
591 2816 722 2857 tristis
764 2816 885 2855 durus
928 2811 1106 2854 difficilis
1149 2816 1279 2853 tenaX.
1340 2809 1424 2852 253
1455 2825 1534 2851 11011
1575 2825 1648 2864 ego
1685 2816 1726 2852 te
1755 2812 1850 2852 novi
