2080 3480
883 213 1169 254 —53—

250 330 336 372 699
366 345 489 384 prope
524 336 584 371 est
621 331 748 370 libens
782 334 829 369 ut
865 329 1033 369 damnet.
1096 328 1176 370 794
1207 329 1307 370 Odio
1337 334 1495 383 oportet
1532 334 1578 370 ut
1606 329 1811 382 peccandi,

249 415 331 440 non
359 406 466 441 metu
495 400 615 440 facias
644 399 800 439 bonum.
842 394 885 449 b)
920 399 965 437 ut
995 394 1048 437 de
1079 396 1253 440 consilio
1283 397 1470 451 positum
1502 395 1673 452 (finale).
1703 395 1808 439 Pac.

249 467 309 508 40
344 473 390 508 ut
427 473 557 508 essent
599 468 668 518 qui
702 480 764 504 me
804 466 1023 517 perderent.
1084 465 1165 506 213
1204 469 1398 517 occidisti,
1439 473 1485 507 ut
1514 468 1642 506 multa
1670 467 1808 519 paucis

250 537 373 577 verba
397 560 452 566 —-
477 535 717 575 obnuntiem.
760 531 845 574 214
874 539 919 573 ut
948 535 1116 574 sciscam.
1156 533 1240 575 244
1271 546 1330 587 sq.
1360 540 1406 575 ut
1436 559 1491 564 —
1521 537 1680 576 abluam
1709 536 1806 575 Las-

250 606 541 657 situdinemque
569 603 753 641 minuam.
812 599 919 642 Ace.
954 601 1034 642 170
1064 618 1151 643 suas
1181 608 1227 642 ut
1255 618 1350 643 auro
1386 605 1629 656 locupletent
1658 605 1805 643 domos.

250 672 335 714 281
374 676 419 711 ut
455 672 616 723 quirem.
677 669 760 711 292
797 674 842 710 ut
878 685 926 710 ne
962 673 1048 723 quis
1083 676 1217 711 nostra
1246 673 1366 728 verba
1401 673 1583 724 cleperet.
1643 670 1728 712 298
1759 676 1805 712 ut

253 766 309 771 —
341 741 529 793 expleam.
588 738 672 780 495
709 751 770 792 sq.
807 741 861 780 Ut
891 764 945 768 ——
974 745 1100 780 terras
1130 764 1184 769 —
1215 742 1477 781 Proscindant
1504 742 1717 793 glebasque
1748 764 1804 770 —-

251 810 484 849 exuscitent.
528 807 610 849 502
641 810 726 860 Ego
755 814 801 849 ut
830 823 950 848 essem
980 810 1120 849 adfinis
1150 810 1237 859 tibi,
1267 823 1347 848 non
1376 814 1422 849 ut
1450 813 1492 848 te
1522 810 1803 859 extinguerem,

253 879 380 918 Tuam
414 877 516 930 petii
552 882 723 929 gnatam.
783 876 877 918 509.
909 875 991 918 515
1027 878 1117 917 med
1152 882 1198 917 ut
1233 878 1388 917 credam
1418 891 1465 916 ex
1501 881 1571 916 tuo
1601 891 1684 917 esse
1714 891 1803 917 con-

253 952 411 999 ceptum
446 950 550 995 saw,
587 948 713 986 Multa
749 951 978 997 argumenta
1012 948 1200 996 redigunt
1230 947 1412 985 animum.
1472 945 1558 986 590
1587 947 1713 985 Natus
1743 948 1805 985 uti

252 1020 340 1055 tute
369 1019 564 1067 sceptrum
593 1019 804 1067 poteretur.
863 1013 945 1055 598
977 1015 1101 1054 omnis
1131 1014 1282 1054 saucios
1313 1014 1508 1064 Convisit,
1544 1018 1590 1053 ut
1620 1018 1805 1054 curentur

253 1084 496 1134 diligentius.
556 1081 635 1123 1110.
666 1081 745 1123 inc.
776 1084 883 1133 trag.
917 1082 970 1122 79
1000 1098 1123 1132 mane,
1141 1070 1271 1134 vporro
1300 1087 1346 1122 ut
1376 1083 1524 1122 audias.
1579 1081 1633 1122 83
1664 1083 1730 1121 ibo
1760 1087 1806 1121 ut

250 1153 426 1192 latebras
457 1175 511 1180 -—
541 1152 670 1191 rimer.
733 1150 813 1191 168
845 1162 934 1203 sqq.
965 1151 1008 1190 id
1037 1157 1095 1191 ea⁴
1111 1151 1260 1202 gratia,
1290 1151 1344 1191 Ut
1376 1175 1429 1179 —
1460 1150 1660 1202 effugeret,
1690 1151 1804 1190 illum

252 1226 299 1260 ut
327 1235 480 1260 maeror
508 1221 686 1260 tardaret
722 1221 847 1270 sequi,
886 1219 972 1258 Sibi
1002 1221 1166 1258 salutem
1195 1224 1240 1258 ut
1270 1242 1324 1248 —
1355 1224 1521 1270 pareret.
1580 1216 1690 1258 Pall.
1720 1217 1803 1258 inc.

253 1286 334 1329 1110.
366 1287 421 1328 84
451 1287 657 1327 Perdenda
686 1291 777 1327 sunt
805 1288 941 1336 multa,
970 1291 1016 1326 ut
1045 1288 1162 1326 semel
1190 1301 1312 1339 ponas
1341 1287 1448 1326 bene.
1489 1283 1640 1327 Afi'an.
1672 1285 1727 1327 49
1757 1292 1804 1326 ut

253 1357 389 1394 latites
419 1359 459 1393 et
487 1369 559 1393 nos
588 1356 701 1394 ludas
731 1356 910 1394 diutius·
937 1353 1017 1394 162
1038 1355 1092 1393 Ut
1111 1355 1247 1393 mittat
1275 1356 1410 1393 fratris
1438 1356 1521 1393 filio
1550 1355 1804 1393 lucunculos?

254 1421 338 1463 327
383 1423 591 1474 explodam
631 1423 827 1462 hominem
867 1427 913 1462 ut
953 1423 1146 1462 vilicetur.
1206 1420 1289 1462 358
1326 1426 1372 1461 ut
1411 1426 1568 1474 partum
1608 1423 1804 1474 proiceret

252 1495 379 1543 pater.
422 1489 505 1530 416
536 1495 581 1530 ut
610 1491 687 1530 tibi
718 1492 906 1531 cervicem
934 1491 1088 1541 fingam.
1132 1486 1283 1542 Pomp.
1303 1487 1413 1530 Bon.
1436 1489 1489 1530 57
1520 1494 1566 1529 ut
1594 1491 1805 1530 videantur

253 1561 430 1599 mulieris
468 1560 609 1599 Verba.
678 1557 758 1599 133
794 1563 930 1600 votum
958 1563 1004 1598 ut
1038 1560 1217 1599 solveret.
1288 1557 1368 1599 143
1409 1564 1456 1599 ut
1492 1573 1542 1598 ne
1579 1560 1667 1610 quis
1704 1564 1804 1598 esset

255 1629 379 1666 testis.
439 1624 595 1667 Labor.
628 1626 682 1667 36
713 1631 758 1665 ut
788 1628 941 1678 aliquid
969 1631 1113 1677 gustes.
1175 1626 1229 1666 74
1258 1631 1304 1665 ut
1332 1631 1475 1678 posset.
1525 1623 1679 1666 Publil.
1712 1621 1804 1679 Syr.

258 1693 310 1735 12
341 1706 403 1746 sq.
433 1700 478 1734 ut
509 1719 563 1724 —
593 1696 736 1734 Tollat.
800 1694 851 1735 16
881 1699 928 1734 ut
957 1695 1158 1734 scintilles.
1209 1690 1303 1747 Syr.
1336 1695 1440 1734 sent.
1476 1693 1556 1734 126
1586 1695 1656 1733 diu
1685 1708 1804 1746 appa-

252 1764 421 1804 randum
457 1767 516 1802 est
544 1764 691 1802 bellum
727 1765 773 1801 ut
806 1763 940 1802 vincas
977 1763 1150 1801 celerius.
1215 1761 1294 1802 157
1324 1766 1370 1801 ut
1405 1762 1585 1801 difficilia
1618 1763 1803 1813 perferas.

257 1830 340 1871 278
360 1831 515 1870 malitia
544 1835 590 1869 ut
618 1831 729 1882 peior
757 1830 900 1879 veniat,
931 1830 1091 1868 simulat
1110 1830 1262 1869 bonam.
1305 1828 1384 1870 591
1413 1830 1515 1869 feras
1535 1830 1640 1881 quod
1668 1830 1802 1879 laedit,

254 1905 301 1941 ut
338 1904 378 1940 et
416 1900 459 1939 id
500 1899 605 1951 quod
638 1900 797 1952 prodest
831 1899 943 1938 feras.
1003 1896 1087 1938 694
1128 1912 1253 1949 poena
1294 1899 1345 1938 ad
1379 1898 1525 1938 malum
1563 1911 1721 1950 serpens
1757 1902 1803 1938 ut

252 1973 435 2021 proterat
471 1968 590 2008 venit.
652 1967 733 2008 723
763 1967 831 2019 qui
861 1967 970 2007 venit
998 1970 1043 2005 ut
1071 1971 1220 2006 noceat.
1281 1965 1364 2007 734
1393 1980 1464 2005 rex
1494 1980 1577 2006 esse
1605 1967 1729 2006 nolim
1758 1970 1804 2006 ut

255 2052 339 2077 esse
375 2037 544 2076 crudelis
579 2037 707 2076 velim.
767 2034 848 2075 857
886 2039 931 2074 ut
965 2036 1095 2086 plures
1132 2036 1389 2085 corrigantur.
1450 2034 1488 2086 0)
1524 2037 1571 2074 πί
1601 2045 1803 2076 consecu-

255 2102 398 2145 tivum.
441 2102 547 2144 Ace.
574 2102 653 2144 146
684 2104 742 2143 ita
762 2127 815 2132 ——
836 2104 890 2142 Ut
920 2106 1059 2142 cuncta
1088 2102 1218 2154 opima
1247 2103 1352 2142 levia
1371 2125 1427 2130 —
1448 2116 1544 2154 prae
1573 2103 1656 2142 illis
1679 2107 1802 2155 putet.

253 2170 346 2213 Ino.
375 2170 455 2213 inc.
485 2173 593 2224 trag.
623 2173 682 2210 ita
707 2194 760 2199 ——
791 2176 836 2210 ut
864 2172 970 2211 vinci
999 2172 1183 2210 nesciant.
1225 2167 1335 2211 Pall.
1365 2168 1446 2210 1110.
1476 2168 1556 2210 inc.
1589 2170 1642 2210 37
1675 2172 1804 2210 Tanta

253 2242 412 2281 laetitia
441 2245 576 2280 auctus
605 2253 690 2279 sum
718 2243 764 2278 ut
792 2239 851 2278 nil
881 2242 1041 2278 constet.
1088 2235 1217 2279 Titin.
1249 2237 1303 2279 56
1335 2249 1396 2290 sq.
1426 2238 1540 2277 nobis
1576 2238 1803 2278 faciundum

263 2315 324 2350 est
352 2311 426 2360 ita,
455 2310 510 2349 Ut
539 2332 593 2338 —
622 2322 693 2347 nos
723 2321 984 2360 comparemus
1014 2308 1094 2347 etc.
1155 2302 1249 2360 Syr.
1282 2308 1387 2347 sent.
1419 2303 1473 2346 69
1504 2311 1550 2345 ut
1573 2320 1652 2345 non
1682 2307 1803 2346 alicui

257 2381 312 2419 sit
340 2380 454 2419 mala.
497 2376 578 2418 522
609 2378 667 2417 ita
696 2400 750 2406 —
780 2380 825 2416 ut
854 2399 909 2405 —-
939 2380 1062 2428 putes.
1107 2374 1188 2416 622
1219 2376 1300 2415 late
1328 2377 1458 2416 lucere
1488 2375 1593 2426 ignis
1623 2380 1670 2414 ut
1698 2375 1802 2414 nihil

255 2452 349 2489 urat
376 2450 518 2501 potest.

374 2514 414 2558 h.
457 2512 767 2569 Ooniunctivus*
789 2511 944 2556 omissa
973 2515 1018 2553 ut
1049 2510 1358 2554 coniunctione.
1400 2509 1503 2554 Pac.
1534 2511 1617 2554 281
1651 2524 1714 2566 sq.
1745 2514 1806 2554 fac

257 2610 316 2616 —
351 2586 596 2638 respondeas.
662 2579 822 2635 Turpil.
862 2580 943 2622 146
979 2583 1041 2621 fac
1077 2595 1148 2632 ego
1184 2582 1326 2633 potiar.
1392 2578 1546 2622 Afran.
1577 2580 1630 2622 67
1669 2582 1806 2622 mitem

257 2657 350 2695 faxo
391 2656 548 2694 faciant.
612 2652 690 2693 177
738 2653 977 2691 conforment
1016 2651 1118 2690 iube.
1178 2648 1262 2690 308
1299 2650 1455 2689 Vellem
1496 2651 1804 2690 intervenissem.

258 2720 411 2776 Pomp.
447 2719 558 2764 Bon.
601 2720 653 2762 57
691 2721 835 2761 Vocem
870 2720 1036 2759 deducas
1072 2721 1239 2770 oportet.
1299 2716 1354 2758 58
1391 2718 1489 2757 Iube
1519 2741 1575 2747 —
1605 2719 1806 2758 adferatur

257 2807 409 2832 munus.
455 2791 536 2833 103
567 2793 628 2831 fac
656 2790 853 2843 voluptati
881 2789 968 2828 sies.
1011 2784 1120 2828 Nov.
1151 2785 1205 2827 97
1235 2787 1396 2826 Puriter
1424 2788 1514 2827 volo
1545 2786 1681 2825 facias.
1723 2784 1804 2826 115

258 2861 378 2901 ducas
407 2862 512 2901 licet.
553 2857 709 2902 Laber.
744 2857 824 2899 126
854 2858 1018 2898 Necesse
1047 2861 1107 2896 est
1134 2857 1277 2896 multos
1307 2856 1454 2895 timeat.
1499 2851 1627 2895 Titin.
1649 2853 1703 2894 27
1724 2854 1807 2894 Nec
