2080 3480
894 177 1184 220 -36-

264 322 320 327 ——
357 309 505 336 mecum
547 294 657 345 agit-o
688 316 744 321 -—
784 292 869 341 Quo
905 298 1023 346 pacto
1055 318 1109 324 —
1145 295 1289 335 molem
1325 294 1510 334 minuam.
1575 289 1822 335 Pronomen

262 363 506 406 reflexivum
536 359 739 414 singulari
768 360 898 403 modo
929 365 1185 416 usurpatum
1221 365 1287 405 est
1321 361 1367 404 in
1394 360 1460 403 his
1489 359 1614 403 locis:
1656 359 1821 416 Tui-pil.

264 435 318 475 36
348 435 403 473 mi
434 437 492 472 est
521 432 646 470 iratus
676 433 802 482 pater,
834 431 936 478 Quia
966 444 1009 470 86
1038 434 1190 473 talento
1221 434 1376 485 argenti
1406 432 1534 483 tetigi.
1589 426 1683 485 Syr.
1714 433 1820 472 sent.

263 503 345 545 685
381 502 512 555 patria
547 513 622 539 sua
660 504 734 549 est,
776 500 847 539 ubi
884 514 1050 552 cumque
1085 503 1233 543 vixeris
1269 504 1378 543 bene.
1441 501 1519 543 751
1561 502 1726 542 stultum
1761 505 1822 541 est

261 574 381 613 alium
399 572 499 611 velle
525 570 665 609 ulcisci
690 583 818 622 poena
845 583 926 608 sua.
969 567 1226 624 (Menander
1252 569 1442 613 Monost.
1474 570 1567 612 152.
1618 566 1821 625 ἐχθροὺς

261 639 434 692 ἀμύνου
462 637 521 693 μὴ
546 636 613 680 ’πὶ
643 638 699 694 τῇ
732 640 907 680 σαυτοῦ
937 637 1115 696 βλάβῃ).
1158 638 1263 681 Pac.
1286 641 1370 681 324
1390 643 1492 681 Nam
1512 643 1706 681 Teucrum
1733 640 1820 691 regi
1843 678 1845 680 ,

259 723 380 763 sapsa
407 724 470 751 res
499 710 724 750 restabiliet
761 727 802 743 =
839 705 935 761 ipsa
963 720 1043 749 nec
1074 703 1171 750 alia.

374 776 648 820 Pronominis
679 775 1003 818 demonstrativi
1032 774 1173 818 forma
1201 776 1291 817 hice
1321 777 1535 831 reperitur
1555 776 1670 831 apud
1690 775 1819 818 Titin.

262 848 318 889 50
348 864 490 901 pueras
519 847 638 888 hasce
669 849 712 888 et
742 844 1031 899 compluribus
1061 844 1168 888 locis
1199 858 1252 886 ex
1283 845 1543 899 coniectura,
1573 846 1691 889 velut
1713 845 1820 888 Acc.

264 916 345 958 122
375 918 463 956 hice
484 940 539 945 —-
558 920 696 956 metus.
722 940 777 944 —
807 913 873 955 hic
903 916 947 955 et
977 913 1051 955 ille
1080 912 1125 955 in
1154 926 1240 955 una
1270 913 1563 957 enuntiatione
1595 914 1822 957 coniuncta

262 989 360 1028 sunt
395 985 476 1027 inc.
513 984 593 1027 inc.
624 987 732 1038 trag.
764 985 818 1026 93
856 986 997 1025 Hicine
1034 986 1104 1024 ille
1142 990 1201 1024 est
1238 986 1410 1025 Telamo.
1474 984 1552 1025 151
1586 987 1642 1026 Ni
1677 987 1820 1025 mirum

261 1054 327 1096 hic
362 1054 438 1095 ille
475 1060 533 1095 est
568 1056 632 1095 vir
672 1056 765 1094 talis
802 1056 924 1094 tantis
962 1055 1103 1106 opibus
1145 1054 1405 1107 praepotens?
1466 1051 1624 1095 Labor.
1659 1054 1711 1094 13
1742 1056 1820 1093 Hic

261 1127 329 1165 ille
351 1130 409 1165 est
429 1126 587 1176 gurdus.
630 1121 761 1165 Pron.
783 1122 875 1163 illie
894 1121 1028 1165 habes
1049 1121 1153 1165 Pac.
1179 1123 1260 1164 134
1280 1125 1351 1163 ubi
1371 1124 1455 1163 illic
1477 1124 1563 1163 est?
1604 1120 1820 1176 Exempla

260 1206 378 1246 pron.
415 1192 509 1239 iste,
548 1191 643 1232 istic
680 1195 779 1233 sunt
807 1190 910 1232 Pac.
942 1192 997 1233 58
1036 1194 1141 1240 Quid
1176 1191 1283 1231 istuc
1320 1193 1403 1231 est?
1461 1190 1569 1232 Ace.
1600 1191 1684 1232 299
1716 1193 1820 1239 Quid

262 1264 363 1302 istuc
392 1285 447 1291 —
478 1265 537 1301 est
566 1285 621 1291 —
653 1262 671 1301 P
737 1258 840 1302 Pac.
880 1261 931 1301 61
973 1259 1094 1301 istam
1125 1284 1181 1290 —
1218 1262 1553 1312 geminitudinem.
1617 1260 1698 1301 153
1736 1262 1819 1300 Ista

263 1333 295 1370 si
334 1333 391 1370 ita
429 1335 521 1369 sunt
557 1332 774 1381 promerita
809 1336 952 1369 vestra.
1014 1329 1097 1369 202
1136 1331 1237 1368 itera
1267 1331 1359 1368 dum
1397 1331 1531 1369 eadem
1560 1331 1683 1369 istaec
1710 1330 1818 1367 mihi.

263 1397 345 1439 228
376 1400 516 1439 istunc.
558 1395 666 1438 Aoo.
699 1396 782 1439 329
815 1399 920 1438 idem
951 1399 1069 1438 istud.
1114 1393 1277 1451 Turpil.
1303 1396 1384 1438 207
1417 1399 1570 1438 utinam
1599 1399 1702 1437 istuc
1731 1412 1818 1450 per-

264 1473 425 1519 petuum
460 1470 581 1506 itiner
611 1469 664 1506 sit
697 1469 792 1506 tibi!
853 1464 1005 1506 Afran.
1038 1466 1120 1506 287
1155 1469 1193 1505 te
1223 1465 1330 1505 istuc
1360 1469 1487 1505 facere
1519 1467 1691 1505 officiose
1728 1468 1818 1505 scio.

267 1534 417 1589 (Plura
443 1533 537 1576 vide
568 1547 635 1587 ap.
665 1532 793 1576 Ribb.
823 1533 868 1574 in
895 1532 1131 1587 indicibus).
1190 1531 1337 1575 Facile
1369 1545 1601 1587 cognosces
1630 1532 1674 1574 in
1705 1546 1817 1575 com-

263 1602 456 1656 pluribus
485 1602 638 1644 horum
668 1602 860 1643 locorum
889 1615 1126 1655 pronomen
1154 1601 1209 1643 ad
1239 1601 1465 1643 secundam
1494 1614 1722 1655 personam
1751 1614 1817 1642 re-

264 1670 399 1714 latum
437 1684 541 1714 esse.
600 1669 822 1714 Attractio
870 1670 1132 1726 pronominis
1169 1670 1245 1713 iste
1280 1670 1494 1714 invenitur
1529 1684 1597 1726 ap.
1627 1669 1730 1714 Pac.
1762 1671 1817 1713 83

264 1741 336 1781 isti
378 1744 447 1794 qui
487 1744 664 1793 linguam
707 1743 838 1781 avium
881 1743 1118 1792 intellegunt
1154 1765 1210 1770 ——
1251 1743 1379 1793 Magis
1422 1743 1659 1781 audiendum
1702 1756 1818 1793 quam

263 1812 559 1850 auscultandum
589 1824 735 1858 censeo,
765 1807 1029 1861 pronominis
1059 1808 1237 1850 relativi.
1293 1809 1399 1850 Aeo.
1431 1810 1486 1850 58
1518 1825 1614 1861 quos
1644 1811 1818 1849 deseruit

261 1880 417 1928 liberos,
432 1879 670 1930 Superstites
691 1883 791 1916 sunt.
833 1874 1048 1918 Neutrum
1068 1876 1332 1931 pronominis
1351 1876 1427 1918 rel.
1450 1875 1816 1920 coniunctionibus

262 1946 480 1998 praemitti
509 1944 562 1985 ad
590 1944 849 1998 copulandas
877 1945 982 1986 duas
1009 1945 1322 1987 enuntiationes
1353 1950 1533 1998 constat,
1565 1945 1625 1987 810
1654 1945 1817 1986 factum

265 2017 329 2056 est
365 2012 478 2068 apud
508 2012 692 2055 Accium
722 2014 775 2055 22
813 2013 868 2055 111.
905 2016 1017 2063 Quod
1053 2017 1216 2055 utinam.
1252 2013 1333 2056 inc.
1364 2013 1445 2056 inc.
1476 2018 1584 2069 trag.
1616 2015 1671 2057 28
1703 2017 1816 2065 Quod

261 2085 357 2132 nisi,
394 2081 450 2123 ib.
480 2095 517 2122 v.
540 2082 594 2122 58
626 2084 736 2129 Quod
765 2085 817 2121 ni.
859 2081 986 2125 Pron.
1023 2082 1096 2124 rel.
1118 2082 1316 2136 generale
1346 2082 1557 2125 invenitur
1577 2082 1691 2138 apud
1710 2082 1814 2125 Pac.

262 2151 317 2194 90
354 2150 566 2206 Quidquid
601 2155 661 2192 est
694 2152 778 2192 hoc.
826 2148 936 2192 Pall.
966 2149 1045 2193 inc.
1077 2150 1156 2193 inc.
1188 2153 1243 2195 89
1276 2153 1346 2194 Sat
1383 2156 1562 2195 celeriter
1590 2156 1653 2204 fit,
1696 2152 1814 2208 qnid-

260 2219 361 2277 quid
388 2222 435 2262 fit
465 2221 562 2262 satis
591 2221 702 2260 bene.
744 2216 896 2272 Pomp.
926 2215 1034 2260 Bon.
1063 2220 1143 2262 193
1175 2219 1375 2277 quidquid
1404 2228 1464 2263 est
1492 2225 1535 2263 in
1564 2225 1661 2264 luce.
1703 2219 1814 2264 Nov.

260 2291 312 2332 31
346 2296 491 2331 comest
528 2288 740 2343 Quidquid
780 2290 918 2339 tetigit
954 2293 1117 2329 tantum.
1159 2287 1283 2331 Publ.
1316 2288 1409 2345 Syr·
1441 2291 1495 2331 22
1534 2294 1719 2331 Alienum
1757 2297 1815 2330 est

259 2376 382 2410 omne,
406 2358 604 2414 quicquid
624 2360 796 2410 optando
818 2359 958 2398 evenit.
1001 2355 1151 2398 Afran.
1174 2359 1228 2399 30
1251 2359 1445 2413 quicquid
1473 2363 1661 2411 loquitur.
1703 2357 1748 2400 N
1750 2372 1813 2400 ov.

259 2427 314 2469 62
346 2425 541 2483 quiequid
568 2427 755 2466 nanctu's.
1774 2431 1782 2436 “

373 2495 622 2537 Pronomen
644 2493 1009 2546 interrogativum.
1046 2492 1153 2533 Aoo.
1173 2494 1258 2533 554
1283 2494 1384 2544 Quis
1404 2500 1449 2533 tu
1469 2511 1510 2534 es
1529 2499 1707 2535 mortalis
1727 2520 1781 2525 —
1797 2499 1815 2535 P

255 2564 410 2621 Pomp.
446 2561 556 2607 Bon.
600 2563 680 2606 156
729 2561 830 2616 Quis
865 2564 930 2603 hic
966 2563 1050 2603 est?
1115 2559 1277 2604 Forma
1312 2561 1403 2618 quis
1439 2560 1490 2605 de
1527 2576 1681 2618 genere
1715 2563 1813 2607 fem.

254 2635 358 2678 Pac.
390 2636 475 2676 239
513 2633 615 2686 Quis
644 2639 690 2674 tu
721 2648 770 2683 es,
801 2635 944 2672 mulier
973 2656 1030 2661 —-
1060 2629 1081 2672 Ῥ
1131 2630 1185 2671 Ι11
1213 2644 1389 2672 numero
1418 2631 1577 2685 plurali
1605 2631 1707 2675 Pac.
1730 2634 1810 2675 221

253 2720 350 2762 ques
387 2710 480 2747 sunt
517 2704 579 2745 is?
620 2704 774 2756 Ignoti,
815 2703 946 2744 nescio
984 2715 1080 2757 ques
1117 2703 1322 2754 ignobiles.
1386 2699 1549 2744 Afran.
1574 2702 1651 2744 151
1699 2701 1816 2755 Quod

249 2772 359 2817 ¹vitae
389 2776 565 2816 studium
596 2779 666 2814 aut
686 2772 794 2828 quod
811 2773 1054 2826 praesidium
1075 2795 1131 2800 —
1152 2773 1251 2812 Mihi
1280 2773 1526 2825 supponebas
1547 2796 1603 2801 —
1624 2774 1642 2812 P
1671 2774 1814 2813 Forma

252 2845 323 2901 qui
351 2859 431 2899 pro
463 2842 674 2886 adiectivo
706 2845 772 2885 est
801 2840 953 2883 Afran.
980 2841 1063 2882 419
1085 2843 1225 2882 Nescio
1248 2843 1315 2893 qui
1336 2866 1392 2871 —
1413 2844 1518 2892 deus,
1549 2840 1702 2885 ceteris
1724 2855 1812 2885 om-
