<?xml version="1.0" encoding="UTF-8"?>
<!DOCTYPE html PUBLIC "-//W3C//DTD XHTML 1.0 Transitional//EN"
    "http://www.w3.org/TR/xhtml1/DTD/xhtml1-transitional.dtd">
<html xmlns="http://www.w3.org/1999/xhtml" xml:lang="en" lang="en">
 <head>
  <title>
</title>
<meta http-equiv="Content-Type" content="text/html;charset=utf-8" />
  <meta name='ocr-system' content='tesseract 3.04.00' />
  <meta name='ocr-capabilities' content='ocr_page ocr_carea ocr_par ocr_line ocrx_word'/>
</head>
<body>
  <div class='ocr_page' id='page_1' title='image "./4623431_0085.png"; bbox 0 0 2080 3480; ppageno 0'>
   <div class='ocr_carea' id='block_1_1' title="bbox 898 220 1185 260">
    <p class='ocr_par' dir='ltr' id='par_1_1' title="bbox 898 220 1185 260">
     <span class='ocr_line' id='line_1_1' title="bbox 898 220 1185 260; baseline 0 -11"><span class='ocrx_word' id='word_1_1' title='bbox 898 220 1185 260; x_wconf 37' lang='lat'><strong>*71—</strong></span> 
     </span>
    </p>
   </div>
   <div class='ocr_carea' id='block_1_2' title="bbox 261 332 1819 2870">
    <p class='ocr_par' dir='ltr' id='par_1_2' title="bbox 261 332 1819 1968">
     <span class='ocr_line' id='line_1_2' title="bbox 262 332 1817 390; baseline -0.001 -13"><span class='ocrx_word' id='word_1_2' title='bbox 262 352 389 389; x_wconf 87' lang='lat' dir='ltr'><strong>neque</strong></span> <span class='ocrx_word' id='word_1_3' title='bbox 415 356 457 371; x_wconf 91' lang='lat'>=</span> <span class='ocrx_word' id='word_1_4' title='bbox 494 333 647 390; x_wconf 84' lang='lat' dir='ltr'><strong>Pomp.</strong></span> <span class='ocrx_word' id='word_1_5' title='bbox 678 333 789 378; x_wconf 88' lang='lat' dir='ltr'><strong>Bon.</strong></span> <span class='ocrx_word' id='word_1_6' title='bbox 825 333 903 375; x_wconf 85' lang='lat'><strong>131</strong></span> <span class='ocrx_word' id='word_1_7' title='bbox 942 353 985 370; x_wconf 91' lang='lat'>=</span> <span class='ocrx_word' id='word_1_8' title='bbox 1018 332 1123 376; x_wconf 81' lang='lat' dir='ltr'><strong>Ace.</strong></span> <span class='ocrx_word' id='word_1_9' title='bbox 1155 334 1239 376; x_wconf 82' lang='lat'><strong>422</strong></span> <span class='ocrx_word' id='word_1_10' title='bbox 1267 355 1308 370; x_wconf 92' lang='lat'><strong><em>=</em></strong></span> <span class='ocrx_word' id='word_1_11' title='bbox 1342 335 1424 377; x_wconf 87' lang='lat'><strong>577</strong></span> <span class='ocrx_word' id='word_1_12' title='bbox 1453 355 1494 370; x_wconf 93' lang='lat'>=</span> <span class='ocrx_word' id='word_1_13' title='bbox 1524 333 1689 389; x_wconf 75' lang='lat' dir='ltr'><strong>Turpil.</strong></span> <span class='ocrx_word' id='word_1_14' title='bbox 1724 334 1817 376; x_wconf 84' lang='lat'><strong>151.</strong></span> 
     </span>
     <span class='ocr_line' id='line_1_3' title="bbox 263 400 1819 457; baseline -0.001 -11"><span class='ocrx_word' id='word_1_15' title='bbox 263 403 374 446; x_wconf 82' lang='lat' dir='ltr'><strong>Pall.</strong></span> <span class='ocrx_word' id='word_1_16' title='bbox 411 403 493 446; x_wconf 83' lang='lat' dir='ltr'><strong>ine.</strong></span> <span class='ocrx_word' id='word_1_17' title='bbox 530 404 612 445; x_wconf 86' lang='lat' dir='ltr'><strong>inc.</strong></span> <span class='ocrx_word' id='word_1_18' title='bbox 645 404 700 445; x_wconf 84' lang='lat'><strong>98</strong></span> <span class='ocrx_word' id='word_1_19' title='bbox 730 418 803 443; x_wconf 82' lang='lat' dir='ltr'><strong>neo</strong></span> <span class='ocrx_word' id='word_1_20' title='bbox 836 422 878 437; x_wconf 94' lang='lat'>=</span> <span class='ocrx_word' id='word_1_21' title='bbox 915 400 1045 443; x_wconf 77' lang='lat' dir='ltr'><strong>Titin.</strong></span> <span class='ocrx_word' id='word_1_22' title='bbox 1076 404 1143 444; x_wconf 87' lang='lat'><strong>47.</strong></span> <span class='ocrx_word' id='word_1_23' title='bbox 1201 402 1303 445; x_wconf 82' lang='lat' dir='ltr'><strong>Pac.</strong></span> <span class='ocrx_word' id='word_1_24' title='bbox 1335 404 1418 445; x_wconf 85' lang='lat'><strong>328</strong></span> <span class='ocrx_word' id='word_1_25' title='bbox 1449 420 1585 457; x_wconf 87' lang='lat' dir='ltr'><strong>neque.</strong></span> <span class='ocrx_word' id='word_1_26' title='bbox 1646 404 1731 445; x_wconf 86' lang='lat'><strong>342</strong></span> <span class='ocrx_word' id='word_1_27' title='bbox 1761 406 1819 444; x_wconf 86' lang='lat' dir='ltr'><strong>Te</strong></span> 
     </span>
     <span class='ocr_line' id='line_1_4' title="bbox 263 469 1815 530; baseline 0 -14"><span class='ocrx_word' id='word_1_28' title='bbox 263 476 429 530; x_wconf 87' lang='lat' dir='ltr'><strong>repudio</strong></span> <span class='ocrx_word' id='word_1_29' title='bbox 458 490 530 515; x_wconf 81' lang='lat' dir='ltr'><strong>neo</strong></span> <span class='ocrx_word' id='word_1_30' title='bbox 559 475 720 527; x_wconf 79' lang='lat' dir='ltr'><strong>recipio.</strong></span> <span class='ocrx_word' id='word_1_31' title='bbox 778 470 860 515; x_wconf 83' lang='lat' dir='ltr'><strong>inc.</strong></span> <span class='ocrx_word' id='word_1_32' title='bbox 896 469 977 518; x_wconf 82' lang='lat' dir='ltr'><strong>inc.</strong></span> <span class='ocrx_word' id='word_1_33' title='bbox 1008 475 1114 527; x_wconf 79' lang='lat' dir='ltr'><strong>trag.</strong></span> <span class='ocrx_word' id='word_1_34' title='bbox 1148 473 1240 516; x_wconf 84' lang='lat'><strong>139.</strong></span> <span class='ocrx_word' id='word_1_35' title='bbox 1272 474 1355 517; x_wconf 88' lang='grc'><strong>228</strong></span> <span class='ocrx_word' id='word_1_36' title='bbox 1386 477 1436 516; x_wconf 82' lang='lat' dir='ltr'><strong>ad</strong></span> <span class='ocrx_word' id='word_1_37' title='bbox 1465 491 1578 516; x_wconf 87' lang='lat' dir='ltr'><strong>suum</strong></span> <span class='ocrx_word' id='word_1_38' title='bbox 1607 479 1815 528; x_wconf 73' lang='lat' dir='ltr'><strong>quaestum</strong></span> 
     </span>
     <span class='ocr_line' id='line_1_5' title="bbox 263 540 1818 598; baseline 0 -15"><span class='ocrx_word' id='word_1_39' title='bbox 263 546 408 584; x_wconf 77' lang='lat' dir='ltr'><strong>callent</strong></span> <span class='ocrx_word' id='word_1_40' title='bbox 436 558 507 583; x_wconf 82' lang='lat' dir='ltr'><strong>nec</strong></span> <span class='ocrx_word' id='word_1_41' title='bbox 536 543 759 582; x_wconf 83' lang='lat' dir='ltr'><strong>fastidiunt.</strong></span> <span class='ocrx_word' id='word_1_42' title='bbox 801 543 839 595; x_wconf 87' lang='lat' dir='ltr'><strong>c)</strong></span> <span class='ocrx_word' id='word_1_43' title='bbox 869 540 1044 596; x_wconf 83' lang='lat' dir='ltr'><strong>neganti</strong></span> <span class='ocrx_word' id='word_1_44' title='bbox 1072 541 1308 584; x_wconf 84' lang='lat' dir='ltr'><strong>sententiae</strong></span> <span class='ocrx_word' id='word_1_45' title='bbox 1327 541 1412 584; x_wconf 80' lang='lat' dir='ltr'><strong>alia</strong></span> <span class='ocrx_word' id='word_1_46' title='bbox 1430 542 1603 598; x_wconf 84' lang='lat' dir='ltr'><strong>negatio</strong></span> <span class='ocrx_word' id='word_1_47' title='bbox 1633 540 1818 584; x_wconf 86' lang='lat' dir='ltr'><strong>adicitur</strong></span> 
     </span>
     <span class='ocr_line' id='line_1_6' title="bbox 262 608 1814 666; baseline -0.001 -12"><span class='ocrx_word' id='word_1_48' title='bbox 262 625 342 666; x_wconf 88' lang='lat' dir='ltr'><strong>per</strong></span> <span class='ocrx_word' id='word_1_49' title='bbox 370 625 444 652; x_wconf 80' lang='lat' dir='ltr'><strong>neo</strong></span> <span class='ocrx_word' id='word_1_50' title='bbox 474 613 519 651; x_wconf 90' lang='lat' dir='ltr'><strong>et</strong></span> <span class='ocrx_word' id='word_1_51' title='bbox 547 623 698 664; x_wconf 81' lang='lat' dir='ltr'><strong>neque,</strong></span> <span class='ocrx_word' id='word_1_52' title='bbox 739 608 869 651; x_wconf 79' lang='lat' dir='ltr'><strong>etiam</strong></span> <span class='ocrx_word' id='word_1_53' title='bbox 903 609 966 652; x_wconf 86' lang='lat' dir='ltr'><strong>ita</strong></span> <span class='ocrx_word' id='word_1_54' title='bbox 994 614 1042 651; x_wconf 94' lang='lat' dir='ltr'><strong>ut</strong></span> <span class='ocrx_word' id='word_1_55' title='bbox 1071 610 1196 654; x_wconf 84' lang='lat' dir='ltr'><strong>ambo</strong></span> <span class='ocrx_word' id='word_1_56' title='bbox 1227 611 1418 654; x_wconf 84' lang='lat' dir='ltr'><strong>membra</strong></span> <span class='ocrx_word' id='word_1_57' title='bbox 1450 611 1525 654; x_wconf 92' lang='lat' dir='ltr'><strong>uni</strong></span> <span class='ocrx_word' id='word_1_58' title='bbox 1553 610 1685 654; x_wconf 86' lang='lat' dir='ltr'><strong>verbo</strong></span> <span class='ocrx_word' id='word_1_59' title='bbox 1716 610 1814 653; x_wconf 83' lang='lat' dir='ltr'><strong>sub-</strong></span> 
     </span>
     <span class='ocr_line' id='line_1_7' title="bbox 261 674 1814 734; baseline -0.001 -13"><span class='ocrx_word' id='word_1_60' title='bbox 261 680 504 733; x_wconf 82' lang='lat' dir='ltr'><strong>iungantur.</strong></span> <span class='ocrx_word' id='word_1_61' title='bbox 566 674 660 733; x_wconf 80' lang='lat' dir='ltr'><strong>Syr.</strong></span> <span class='ocrx_word' id='word_1_62' title='bbox 692 682 797 720; x_wconf 82' lang='lat' dir='ltr'><strong>sent.</strong></span> <span class='ocrx_word' id='word_1_63' title='bbox 830 680 913 721; x_wconf 79' lang='lat'><strong>778</strong></span> <span class='ocrx_word' id='word_1_64' title='bbox 948 696 1025 719; x_wconf 90' lang='lat' dir='ltr'><strong>non</strong></span> <span class='ocrx_word' id='word_1_65' title='bbox 1055 705 1110 710; x_wconf 88' lang='lat'><strong>-—</strong></span> <span class='ocrx_word' id='word_1_66' title='bbox 1139 697 1219 721; x_wconf 83' lang='lat' dir='ltr'><strong>neo.</strong></span> <span class='ocrx_word' id='word_1_67' title='bbox 1277 680 1430 734; x_wconf 88' lang='lat' dir='ltr'>Pomp.</span> <span class='ocrx_word' id='word_1_68' title='bbox 1459 680 1571 723; x_wconf 93' lang='lat' dir='ltr'><strong>Bon.</strong></span> <span class='ocrx_word' id='word_1_69' title='bbox 1606 681 1687 721; x_wconf 88' lang='grc'><strong>166</strong></span> <span class='ocrx_word' id='word_1_70' title='bbox 1718 678 1814 720; x_wconf 80' lang='lat' dir='ltr'><strong>Non</strong></span> 
     </span>
     <span class='ocr_line' id='line_1_8' title="bbox 263 747 1811 804; baseline -0.001 -14"><span class='ocrx_word' id='word_1_71' title='bbox 263 750 496 790; x_wconf 79' lang='lat' dir='ltr'><strong>frustilatim</strong></span> <span class='ocrx_word' id='word_1_72' title='bbox 531 761 604 788; x_wconf 78' lang='lat' dir='ltr'><strong>nee</strong></span> <span class='ocrx_word' id='word_1_73' title='bbox 639 750 864 789; x_wconf 77' lang='lat' dir='ltr'><strong>minutatim</strong></span> <span class='ocrx_word' id='word_1_74' title='bbox 899 751 995 790; x_wconf 78' lang='lat' dir='ltr'><strong>dari.</strong></span> <span class='ocrx_word' id='word_1_75' title='bbox 1059 747 1166 792; x_wconf 78' lang='lat' dir='ltr'><strong>Ace.</strong></span> <span class='ocrx_word' id='word_1_76' title='bbox 1205 750 1300 792; x_wconf 89' lang='grc'><strong>360.</strong></span> <span class='ocrx_word' id='word_1_77' title='bbox 1361 747 1523 804; x_wconf 80' lang='lat' dir='ltr'><strong>Turpil.</strong></span> <span class='ocrx_word' id='word_1_78' title='bbox 1563 750 1648 792; x_wconf 88' lang='lat'><strong>200</strong></span> <span class='ocrx_word' id='word_1_79' title='bbox 1684 747 1811 789; x_wconf 79' lang='lat' dir='ltr'><strong>Nemo</strong></span> 
     </span>
     <span class='ocr_line' id='line_1_9' title="bbox 263 817 1813 876; baseline 0 -18"><span class='ocrx_word' id='word_1_80' title='bbox 263 833 447 871; x_wconf 86' lang='lat' dir='ltr'><strong>umquam</strong></span> <span class='ocrx_word' id='word_1_81' title='bbox 483 818 587 858; x_wconf 73' lang='lat' dir='ltr'><strong>vidit</strong></span> <span class='ocrx_word' id='word_1_82' title='bbox 628 818 779 857; x_wconf 90' lang='lat' dir='ltr'><strong>ebrium</strong></span> <span class='ocrx_word' id='word_1_83' title='bbox 818 819 877 857; x_wconf 90' lang='lat' dir='ltr'><strong>ire</strong></span> <span class='ocrx_word' id='word_1_84' title='bbox 918 819 1108 871; x_wconf 78' lang='lat' dir='ltr'><strong>interdiu,</strong></span> <span class='ocrx_word' id='word_1_85' title='bbox 1150 817 1292 876; x_wconf 80' lang='lat' dir='ltr'><strong>Neque</strong></span> <span class='ocrx_word' id='word_1_86' title='bbox 1327 822 1485 860; x_wconf 85' lang='lat' dir='ltr'><strong>turbam</strong></span> <span class='ocrx_word' id='word_1_87' title='bbox 1520 821 1648 860; x_wconf 84' lang='lat' dir='ltr'><strong>facere</strong></span> <span class='ocrx_word' id='word_1_88' title='bbox 1685 830 1813 874; x_wconf 78' lang='lat' dir='ltr'><strong>neque</strong></span> 
     </span>
     <span class='ocr_line' id='line_1_10' title="bbox 263 885 1810 943; baseline -0.001 -16"><span class='ocrx_word' id='word_1_89' title='bbox 263 890 366 927; x_wconf 82' lang='lat' dir='ltr'><strong>fores</strong></span> <span class='ocrx_word' id='word_1_90' title='bbox 387 902 559 927; x_wconf 85' lang='lat' dir='ltr'><strong>exurere.</strong></span> <span class='ocrx_word' id='word_1_91' title='bbox 601 886 685 927; x_wconf 88' lang='grc'><strong>205</strong></span> <span class='ocrx_word' id='word_1_92' title='bbox 705 885 800 926; x_wconf 76' lang='lat' dir='ltr'><strong>Non</strong></span> <span class='ocrx_word' id='word_1_93' title='bbox 829 893 887 927; x_wconf 86' lang='lat' dir='ltr'><strong>est</strong></span> <span class='ocrx_word' id='word_1_94' title='bbox 916 890 1121 927; x_wconf 82' lang='lat' dir='ltr'><strong>mediocris</strong></span> <span class='ocrx_word' id='word_1_95' title='bbox 1151 904 1213 928; x_wconf 84' lang='lat' dir='ltr'><strong>res</strong></span> <span class='ocrx_word' id='word_1_96' title='bbox 1242 902 1370 943; x_wconf 79' lang='lat' dir='ltr'><strong>neque</strong></span> <span class='ocrx_word' id='word_1_97' title='bbox 1400 895 1460 928; x_wconf 83' lang='lat' dir='ltr'><strong>est</strong></span> <span class='ocrx_word' id='word_1_98' title='bbox 1479 890 1661 939; x_wconf 79' lang='lat' dir='ltr'><strong>vulgaria</strong></span> <span class='ocrx_word' id='word_1_99' title='bbox 1680 889 1810 927; x_wconf 85' lang='lat' dir='ltr'><strong>Falla-</strong></span> 
     </span>
     <span class='ocr_line' id='line_1_11' title="bbox 264 954 1812 1011; baseline -0.001 -15"><span class='ocrx_word' id='word_1_100' title='bbox 264 957 326 997; x_wconf 83' lang='lat' dir='ltr'><strong>cia</strong></span> <span class='ocrx_word' id='word_1_101' title='bbox 353 957 459 997; x_wconf 84' lang='lat' dir='ltr'><strong>haec.</strong></span> <span class='ocrx_word' id='word_1_102' title='bbox 518 954 601 997; x_wconf 89' lang='grc'><strong>209</strong></span> <span class='ocrx_word' id='word_1_103' title='bbox 632 955 728 996; x_wconf 82' lang='lat' dir='ltr'><strong>Cum</strong></span> <span class='ocrx_word' id='word_1_104' title='bbox 757 956 910 996; x_wconf 78' lang='lat' dir='ltr'><strong>interea</strong></span> <span class='ocrx_word' id='word_1_105' title='bbox 938 954 1004 996; x_wconf 79' lang='lat' dir='ltr'><strong>nil</strong></span> <span class='ocrx_word' id='word_1_106' title='bbox 1031 958 1238 1010; x_wconf 85' lang='lat' dir='ltr'><strong>quicquam</strong></span> <span class='ocrx_word' id='word_1_107' title='bbox 1268 973 1292 998; x_wconf 87' lang='lat' dir='ltr'><strong>a</strong></span> <span class='ocrx_word' id='word_1_108' title='bbox 1320 972 1381 998; x_wconf 92' lang='lat' dir='ltr'><strong>me</strong></span> <span class='ocrx_word' id='word_1_109' title='bbox 1417 962 1477 998; x_wconf 87' lang='lat' dir='ltr'><strong>est</strong></span> <span class='ocrx_word' id='word_1_110' title='bbox 1504 957 1655 1011; x_wconf 79' lang='lat' dir='ltr'><strong>praemi</strong></span> <span class='ocrx_word' id='word_1_111' title='bbox 1685 968 1812 1010; x_wconf 74' lang='lat' dir='ltr'><strong>neque</strong></span> 
     </span>
     <span class='ocr_line' id='line_1_12' title="bbox 265 1022 1810 1078; baseline -0.001 -13"><span class='ocrx_word' id='word_1_112' title='bbox 265 1031 350 1066; x_wconf 88' lang='lat' dir='ltr'><strong>erat</strong></span> <span class='ocrx_word' id='word_1_113' title='bbox 379 1030 471 1065; x_wconf 86' lang='lat' dir='ltr'><strong>tuae</strong></span> <span class='ocrx_word' id='word_1_114' title='bbox 501 1026 771 1076; x_wconf 78' lang='lat' dir='ltr'><strong>benignitatis.</strong></span> <span class='ocrx_word' id='word_1_115' title='bbox 819 1022 925 1065; x_wconf 82' lang='lat' dir='ltr'><strong>Ace.</strong></span> <span class='ocrx_word' id='word_1_116' title='bbox 958 1024 1041 1066; x_wconf 87' lang='grc'><strong>683</strong></span> <span class='ocrx_word' id='word_1_117' title='bbox 1072 1027 1233 1066; x_wconf 81' lang='lat' dir='ltr'><strong>Nullum</strong></span> <span class='ocrx_word' id='word_1_118' title='bbox 1263 1032 1323 1066; x_wconf 83' lang='lat' dir='ltr'><strong>est</strong></span> <span class='ocrx_word' id='word_1_119' title='bbox 1352 1028 1555 1078; x_wconf 88' lang='lat' dir='ltr'><strong>ingenium</strong></span> <span class='ocrx_word' id='word_1_120' title='bbox 1584 1030 1715 1066; x_wconf 91' lang='lat' dir='ltr'><strong>tutum</strong></span> <span class='ocrx_word' id='word_1_121' title='bbox 1743 1038 1810 1063; x_wconf 92' lang='lat' dir='ltr'><strong>ne-</strong></span> 
     </span>
     <span class='ocr_line' id='line_1_13' title="bbox 263 1091 1812 1148; baseline -0.001 -13"><span class='ocrx_word' id='word_1_122' title='bbox 263 1110 337 1147; x_wconf 87' lang='lat' dir='ltr'><strong>que</strong></span> <span class='ocrx_word' id='word_1_123' title='bbox 367 1110 434 1135; x_wconf 85' lang='lat' dir='ltr'><strong>cor</strong></span> <span class='ocrx_word' id='word_1_124' title='bbox 462 1100 544 1135; x_wconf 82' lang='lat' dir='ltr'><strong>tam</strong></span> <span class='ocrx_word' id='word_1_125' title='bbox 567 1096 691 1134; x_wconf 84' lang='lat' dir='ltr'><strong>ferum</strong></span> <span class='ocrx_word' id='word_1_126' title='bbox 722 1095 800 1134; x_wconf 86' lang='lat' dir='ltr'><strong>eto.</strong></span> <span class='ocrx_word' id='word_1_127' title='bbox 845 1092 888 1148; x_wconf 91' lang='lat' dir='ltr'><strong>d)</strong></span> <span class='ocrx_word' id='word_1_128' title='bbox 918 1091 962 1134; x_wconf 88' lang='lat' dir='ltr'><strong>in</strong></span> <span class='ocrx_word' id='word_1_129' title='bbox 992 1092 1244 1137; x_wconf 80' lang='lat' dir='ltr'><strong>disiunctiva</strong></span> <span class='ocrx_word' id='word_1_130' title='bbox 1274 1093 1489 1137; x_wconf 85' lang='lat' dir='ltr'><strong>sententia</strong></span> <span class='ocrx_word' id='word_1_131' title='bbox 1508 1108 1581 1135; x_wconf 80' lang='lat' dir='ltr'><strong>nee</strong></span> <span class='ocrx_word' id='word_1_132' title='bbox 1611 1096 1655 1135; x_wconf 91' lang='lat' dir='ltr'><strong>et</strong></span> <span class='ocrx_word' id='word_1_133' title='bbox 1684 1105 1812 1148; x_wconf 80' lang='lat' dir='ltr'><strong>neque</strong></span> 
     </span>
     <span class='ocr_line' id='line_1_14' title="bbox 261 1159 1811 1216; baseline -0.002 -11"><span class='ocrx_word' id='word_1_134' title='bbox 261 1162 327 1205; x_wconf 84' lang='lat' dir='ltr'><strong>bis</strong></span> <span class='ocrx_word' id='word_1_135' title='bbox 357 1166 400 1204; x_wconf 89' lang='lat' dir='ltr'><strong>et</strong></span> <span class='ocrx_word' id='word_1_136' title='bbox 429 1160 597 1215; x_wconf 82' lang='lat' dir='ltr'><strong>saepius</strong></span> <span class='ocrx_word' id='word_1_137' title='bbox 626 1159 728 1214; x_wconf 90' lang='lat' dir='ltr'><strong>poni</strong></span> <span class='ocrx_word' id='word_1_138' title='bbox 756 1163 946 1213; x_wconf 81' lang='lat' dir='ltr'><strong>possunt.</strong></span> <span class='ocrx_word' id='word_1_139' title='bbox 1005 1160 1156 1216; x_wconf 83' lang='lat' dir='ltr'><strong>Pomp.</strong></span> <span class='ocrx_word' id='word_1_140' title='bbox 1186 1162 1296 1206; x_wconf 90' lang='lat' dir='ltr'><strong>Bon.</strong></span> <span class='ocrx_word' id='word_1_141' title='bbox 1332 1164 1412 1205; x_wconf 88' lang='grc'><strong>188</strong></span> <span class='ocrx_word' id='word_1_142' title='bbox 1443 1179 1569 1216; x_wconf 88' lang='lat' dir='ltr'><strong>neque</strong></span> <span class='ocrx_word' id='word_1_143' title='bbox 1599 1188 1655 1193; x_wconf 88' lang='grc'><strong>--</strong></span> <span class='ocrx_word' id='word_1_144' title='bbox 1684 1177 1811 1214; x_wconf 81' lang='lat' dir='ltr'><strong>neque</strong></span> 
     </span>
     <span class='ocr_line' id='line_1_15' title="bbox 270 1229 1808 1282; baseline 0.003 -15"><span class='ocrx_word' id='word_1_145' title='bbox 270 1251 312 1267; x_wconf 89' lang='lat'><strong><em>=</em></strong></span> <span class='ocrx_word' id='word_1_146' title='bbox 338 1229 446 1273; x_wconf 83' lang='lat' dir='ltr'><strong>Acc.</strong></span> <span class='ocrx_word' id='word_1_147' title='bbox 471 1231 551 1272; x_wconf 85' lang='lat'><strong>132</strong></span> <span class='ocrx_word' id='word_1_148' title='bbox 580 1249 621 1265; x_wconf 95' lang='lat'>=</span> <span class='ocrx_word' id='word_1_149' title='bbox 651 1229 731 1271; x_wconf 89' lang='grc'><strong>142</strong></span> <span class='ocrx_word' id='word_1_150' title='bbox 763 1241 823 1282; x_wconf 84' lang='lat' dir='ltr'><strong>sq.</strong></span> <span class='ocrx_word' id='word_1_151' title='bbox 854 1249 893 1264; x_wconf 88' lang='lat'>=</span> <span class='ocrx_word' id='word_1_152' title='bbox 922 1229 1005 1271; x_wconf 88' lang='grc'><strong>432</strong></span> <span class='ocrx_word' id='word_1_153' title='bbox 1034 1250 1074 1265; x_wconf 95' lang='lat'><strong>==</strong></span> <span class='ocrx_word' id='word_1_154' title='bbox 1103 1232 1186 1273; x_wconf 86' lang='lat'><strong>538</strong></span> <span class='ocrx_word' id='word_1_155' title='bbox 1216 1252 1256 1267; x_wconf 94' lang='lat'>=</span> <span class='ocrx_word' id='word_1_156' title='bbox 1290 1230 1392 1274; x_wconf 84' lang='lat' dir='ltr'><strong>Pac.</strong></span> <span class='ocrx_word' id='word_1_157' title='bbox 1414 1232 1497 1274; x_wconf 85' lang='lat'><strong>306</strong></span> <span class='ocrx_word' id='word_1_158' title='bbox 1526 1253 1567 1267; x_wconf 95' lang='lat'><strong><em>=</em></strong></span> <span class='ocrx_word' id='word_1_159' title='bbox 1595 1230 1701 1273; x_wconf 80' lang='lat' dir='ltr'><strong>Aoo.</strong></span> <span class='ocrx_word' id='word_1_160' title='bbox 1724 1230 1808 1272; x_wconf 86' lang='lat'><strong>685</strong></span> 
     </span>
     <span class='ocr_line' id='line_1_16' title="bbox 270 1298 1809 1353; baseline -0.001 -12"><span class='ocrx_word' id='word_1_161' title='bbox 270 1320 311 1335; x_wconf 90' lang='lat'>=</span> <span class='ocrx_word' id='word_1_162' title='bbox 338 1299 419 1341; x_wconf 83' lang='lat' dir='ltr'><strong>inc.</strong></span> <span class='ocrx_word' id='word_1_163' title='bbox 449 1299 530 1340; x_wconf 85' lang='lat' dir='ltr'><strong>inc.</strong></span> <span class='ocrx_word' id='word_1_164' title='bbox 560 1301 668 1350; x_wconf 77' lang='lat' dir='ltr'><strong>trag.</strong></span> <span class='ocrx_word' id='word_1_165' title='bbox 702 1298 795 1338; x_wconf 90' lang='lat'><strong>117.</strong></span> <span class='ocrx_word' id='word_1_166' title='bbox 837 1298 934 1339; x_wconf 80' lang='lat' dir='ltr'><strong>Ace.</strong></span> <span class='ocrx_word' id='word_1_167' title='bbox 957 1298 1041 1339; x_wconf 83' lang='lat'><strong>245</strong></span> <span class='ocrx_word' id='word_1_168' title='bbox 1070 1315 1195 1352; x_wconf 84' lang='lat' dir='ltr'><strong>neque</strong></span> <span class='ocrx_word' id='word_1_169' title='bbox 1214 1306 1387 1341; x_wconf 79' lang='lat' dir='ltr'><strong>vetustas</strong></span> <span class='ocrx_word' id='word_1_170' title='bbox 1417 1317 1542 1353; x_wconf 85' lang='lat' dir='ltr'><strong>neque</strong></span> <span class='ocrx_word' id='word_1_171' title='bbox 1570 1316 1654 1341; x_wconf 82' lang='lat' dir='ltr'><strong>mos</strong></span> <span class='ocrx_word' id='word_1_172' title='bbox 1683 1315 1809 1352; x_wconf 89' lang='lat' dir='ltr'><strong>neque</strong></span> 
     </span>
     <span class='ocr_line' id='line_1_17' title="bbox 263 1365 1808 1421; baseline -0.001 -13"><span class='ocrx_word' id='word_1_173' title='bbox 263 1369 551 1420; x_wconf 76' lang='lat' dir='ltr'><strong>grandaevitas.</strong></span> <span class='ocrx_word' id='word_1_174' title='bbox 611 1365 692 1406; x_wconf 89' lang='lat'><strong>247</strong></span> <span class='ocrx_word' id='word_1_175' title='bbox 724 1379 849 1417; x_wconf 87' lang='lat' dir='ltr'><strong>neque</strong></span> <span class='ocrx_word' id='word_1_176' title='bbox 889 1370 950 1405; x_wconf 82' lang='lat' dir='ltr'><strong>sat</strong></span> <span class='ocrx_word' id='word_1_177' title='bbox 983 1367 1080 1417; x_wconf 81' lang='lat' dir='ltr'><strong>fingi</strong></span> <span class='ocrx_word' id='word_1_178' title='bbox 1109 1382 1233 1420; x_wconf 88' lang='lat' dir='ltr'><strong>neque</strong></span> <span class='ocrx_word' id='word_1_179' title='bbox 1262 1370 1340 1408; x_wconf 82' lang='lat' dir='ltr'><strong>dici</strong></span> <span class='ocrx_word' id='word_1_180' title='bbox 1369 1374 1509 1421; x_wconf 83' lang='lat' dir='ltr'><strong>potest.</strong></span> <span class='ocrx_word' id='word_1_181' title='bbox 1569 1369 1653 1409; x_wconf 85' lang='lat'><strong>312</strong></span> <span class='ocrx_word' id='word_1_182' title='bbox 1682 1382 1808 1420; x_wconf 89' lang='lat' dir='ltr'><strong>neque</strong></span> 
     </span>
     <span class='ocr_line' id='line_1_18' title="bbox 263 1431 1808 1492; baseline 0 -15"><span class='ocrx_word' id='word_1_183' title='bbox 263 1443 303 1477; x_wconf 89' lang='lat' dir='ltr'><strong>te</strong></span> <span class='ocrx_word' id='word_1_184' title='bbox 337 1452 463 1489; x_wconf 88' lang='lat' dir='ltr'><strong>neque</strong></span> <span class='ocrx_word' id='word_1_185' title='bbox 486 1450 740 1488; x_wconf 82' lang='lat' dir='ltr'><strong>quemquam.</strong></span> <span class='ocrx_word' id='word_1_186' title='bbox 797 1431 949 1487; x_wconf 89' lang='lat' dir='ltr'><strong>Pomp.</strong></span> <span class='ocrx_word' id='word_1_187' title='bbox 978 1433 1084 1477; x_wconf 89' lang='lat' dir='ltr'><strong>Bon.</strong></span> <span class='ocrx_word' id='word_1_188' title='bbox 1119 1435 1171 1476; x_wconf 90' lang='lat'><strong>14</strong></span> <span class='ocrx_word' id='word_1_189' title='bbox 1208 1449 1269 1489; x_wconf 87' lang='lat' dir='ltr'><strong>sq.</strong></span> <span class='ocrx_word' id='word_1_190' title='bbox 1306 1450 1432 1492; x_wconf 77' lang='lat' dir='ltr'><strong>neque</strong></span> <span class='ocrx_word' id='word_1_191' title='bbox 1468 1436 1572 1477; x_wconf 83' lang='lat' dir='ltr'><strong>enim</strong></span> <span class='ocrx_word' id='word_1_192' title='bbox 1610 1452 1682 1488; x_wconf 83' lang='lat' dir='ltr'><strong>ego</strong></span> <span class='ocrx_word' id='word_1_193' title='bbox 1714 1438 1808 1477; x_wconf 87' lang='lat' dir='ltr'><strong>Sum</strong></span> 
     </span>
     <span class='ocr_line' id='line_1_19' title="bbox 262 1502 1808 1557; baseline -0.001 -12"><span class='ocrx_word' id='word_1_194' title='bbox 262 1506 421 1545; x_wconf 88' lang='lat' dir='ltr'><strong>Memmi</strong></span> <span class='ocrx_word' id='word_1_195' title='bbox 456 1509 584 1557; x_wconf 71' lang='lat' dir='ltr'><strong>neque</strong></span> <span class='ocrx_word' id='word_1_196' title='bbox 614 1502 723 1542; x_wconf 82' lang='lat' dir='ltr'><strong>Cassi</strong></span> <span class='ocrx_word' id='word_1_197' title='bbox 752 1514 880 1556; x_wconf 78' lang='lat' dir='ltr'><strong>neque</strong></span> <span class='ocrx_word' id='word_1_198' title='bbox 908 1502 1061 1542; x_wconf 85' lang='lat' dir='ltr'><strong>Munati</strong></span> <span class='ocrx_word' id='word_1_199' title='bbox 1090 1504 1244 1545; x_wconf 88' lang='lat' dir='ltr'><strong>Ebriae.</strong></span> <span class='ocrx_word' id='word_1_200' title='bbox 1303 1502 1409 1546; x_wconf 83' lang='lat' dir='ltr'><strong>Aoo.</strong></span> <span class='ocrx_word' id='word_1_201' title='bbox 1440 1504 1523 1545; x_wconf 88' lang='grc'><strong>663</strong></span> <span class='ocrx_word' id='word_1_202' title='bbox 1554 1506 1655 1545; x_wconf 85' lang='lat' dir='ltr'><strong>Nam</strong></span> <span class='ocrx_word' id='word_1_203' title='bbox 1683 1519 1808 1557; x_wconf 87' lang='lat' dir='ltr'><strong>neque</strong></span> 
     </span>
     <span class='ocr_line' id='line_1_20' title="bbox 265 1572 1807 1627; baseline 0 -13"><span class='ocrx_word' id='word_1_204' title='bbox 265 1575 395 1627; x_wconf 86' lang='lat' dir='ltr'><strong>pretio</strong></span> <span class='ocrx_word' id='word_1_205' title='bbox 431 1587 556 1624; x_wconf 88' lang='lat' dir='ltr'><strong>neque</strong></span> <span class='ocrx_word' id='word_1_206' title='bbox 592 1572 767 1612; x_wconf 80' lang='lat' dir='ltr'><strong>amicitia</strong></span> <span class='ocrx_word' id='word_1_207' title='bbox 801 1585 926 1623; x_wconf 89' lang='lat' dir='ltr'><strong>neque</strong></span> <span class='ocrx_word' id='word_1_208' title='bbox 960 1573 1002 1611; x_wconf 86' lang='lat' dir='ltr'><strong>vi</strong></span> <span class='ocrx_word' id='word_1_209' title='bbox 1042 1573 1194 1625; x_wconf 87' lang='lat' dir='ltr'><strong>impelli</strong></span> <span class='ocrx_word' id='word_1_210' title='bbox 1229 1589 1353 1626; x_wconf 89' lang='lat' dir='ltr'><strong>neque</strong></span> <span class='ocrx_word' id='word_1_211' title='bbox 1388 1589 1500 1626; x_wconf 83' lang='lat' dir='ltr'><strong>prece</strong></span> <span class='ocrx_word' id='word_1_212' title='bbox 1537 1575 1678 1622; x_wconf 79' lang='lat' dir='ltr'><strong>Quitus</strong></span> <span class='ocrx_word' id='word_1_213' title='bbox 1714 1589 1807 1614; x_wconf 84' lang='lat' dir='ltr'><strong>sum.</strong></span> 
     </span>
     <span class='ocr_line' id='line_1_21' title="bbox 263 1639 1809 1695; baseline -0.001 -12"><span class='ocrx_word' id='word_1_214' title='bbox 263 1641 370 1683; x_wconf 80' lang='lat' dir='ltr'><strong>Ace.</strong></span> <span class='ocrx_word' id='word_1_215' title='bbox 401 1642 538 1695; x_wconf 74' lang='lat' dir='ltr'><strong>praet.</strong></span> <span class='ocrx_word' id='word_1_216' title='bbox 573 1639 593 1680; x_wconf 96' lang='lat'><strong>1</strong></span> <span class='ocrx_word' id='word_1_217' title='bbox 617 1641 686 1680; x_wconf 92' lang='lat' dir='ltr'><strong>Nil</strong></span> <span class='ocrx_word' id='word_1_218' title='bbox 712 1654 837 1691; x_wconf 87' lang='lat' dir='ltr'><strong>neque</strong></span> <span class='ocrx_word' id='word_1_219' title='bbox 866 1641 1007 1691; x_wconf 79' lang='lat' dir='ltr'><strong>pericli</strong></span> <span class='ocrx_word' id='word_1_220' title='bbox 1026 1655 1151 1693; x_wconf 90' lang='lat' dir='ltr'><strong>neque</strong></span> <span class='ocrx_word' id='word_1_221' title='bbox 1180 1644 1342 1682; x_wconf 90' lang='lat' dir='ltr'><strong>tumulti</strong></span> <span class='ocrx_word' id='word_1_222' title='bbox 1362 1648 1430 1682; x_wconf 83' lang='lat' dir='ltr'><strong>est.</strong></span> <span class='ocrx_word' id='word_1_223' title='bbox 1472 1639 1629 1684; x_wconf 83' lang='lat' dir='ltr'><strong>Laber.</strong></span> <span class='ocrx_word' id='word_1_224' title='bbox 1655 1642 1710 1684; x_wconf 90' lang='grc'><strong>53</strong></span> <span class='ocrx_word' id='word_1_225' title='bbox 1739 1657 1809 1682; x_wconf 85' lang='grc' dir='ltr'><strong>11θο</strong></span> 
     </span>
     <span class='ocr_line' id='line_1_22' title="bbox 265 1706 1801 1765; baseline 0.002 -14"><span class='ocrx_word' id='word_1_226' title='bbox 265 1735 320 1742; x_wconf 87' lang='lat'><strong>-—</strong></span> <span class='ocrx_word' id='word_1_227' title='bbox 349 1725 419 1752; x_wconf 84' lang='lat' dir='ltr'><strong>nec</strong></span> <span class='ocrx_word' id='word_1_228' title='bbox 451 1729 493 1745; x_wconf 93' lang='lat'>=</span> <span class='ocrx_word' id='word_1_229' title='bbox 528 1706 615 1763; x_wconf 84' lang='lat' dir='ltr'><strong>Syr.</strong></span> <span class='ocrx_word' id='word_1_230' title='bbox 654 1709 759 1749; x_wconf 85' lang='lat' dir='ltr'><strong>sent.</strong></span> <span class='ocrx_word' id='word_1_231' title='bbox 791 1706 874 1749; x_wconf 85' lang='lat'><strong>312</strong></span> <span class='ocrx_word' id='word_1_232' title='bbox 909 1727 951 1742; x_wconf 96' lang='lat'>=</span> <span class='ocrx_word' id='word_1_233' title='bbox 986 1708 1070 1750; x_wconf 21' lang='lat'><strong>31⁴3</strong></span> <span class='ocrx_word' id='word_1_234' title='bbox 1105 1728 1147 1744; x_wconf 94' lang='lat'><strong><em>=</em></strong></span> <span class='ocrx_word' id='word_1_235' title='bbox 1182 1709 1261 1752; x_wconf 88' lang='lat'><strong>831</strong></span> <span class='ocrx_word' id='word_1_236' title='bbox 1299 1730 1341 1746; x_wconf 97' lang='lat'>=</span> <span class='ocrx_word' id='word_1_237' title='bbox 1376 1709 1527 1765; x_wconf 91' lang='lat' dir='ltr'><strong>Pomp.</strong></span> <span class='ocrx_word' id='word_1_238' title='bbox 1557 1708 1667 1754; x_wconf 92' lang='lat' dir='ltr'><strong>Bon.</strong></span> <span class='ocrx_word' id='word_1_239' title='bbox 1700 1711 1725 1753; x_wconf 89' lang='lat'><strong>3</strong></span> <span class='ocrx_word' id='word_1_240' title='bbox 1760 1730 1801 1747; x_wconf 95' lang='lat'>=</span> 
     </span>
     <span class='ocr_line' id='line_1_23' title="bbox 264 1773 1806 1831; baseline -0.001 -10"><span class='ocrx_word' id='word_1_241' title='bbox 264 1778 372 1821; x_wconf 87' lang='lat' dir='ltr'><strong>Pall.</strong></span> <span class='ocrx_word' id='word_1_242' title='bbox 409 1777 490 1819; x_wconf 86' lang='lat' dir='ltr'><strong>inc.</strong></span> <span class='ocrx_word' id='word_1_243' title='bbox 519 1776 601 1817; x_wconf 88' lang='lat' dir='ltr'><strong>inc.</strong></span> <span class='ocrx_word' id='word_1_244' title='bbox 637 1776 689 1816; x_wconf 88' lang='lat'><strong>41</strong></span> <span class='ocrx_word' id='word_1_245' title='bbox 723 1788 784 1828; x_wconf 84' lang='lat' dir='ltr'><strong>sq.</strong></span> <span class='ocrx_word' id='word_1_246' title='bbox 813 1795 853 1809; x_wconf 83' lang='lat'><strong><em>=</em></strong></span> <span class='ocrx_word' id='word_1_247' title='bbox 882 1773 1011 1816; x_wconf 79' lang='lat' dir='ltr'><strong>Titin.</strong></span> <span class='ocrx_word' id='word_1_248' title='bbox 1043 1777 1097 1817; x_wconf 83' lang='lat'><strong>27</strong></span> <span class='ocrx_word' id='word_1_249' title='bbox 1125 1796 1166 1810; x_wconf 95' lang='lat'><strong><em>=</em></strong></span> <span class='ocrx_word' id='word_1_250' title='bbox 1194 1777 1301 1818; x_wconf 85' lang='lat' dir='ltr'><strong>Aoo.</strong></span> <span class='ocrx_word' id='word_1_251' title='bbox 1324 1779 1377 1819; x_wconf 86' lang='lat'><strong>67</strong></span> <span class='ocrx_word' id='word_1_252' title='bbox 1407 1798 1449 1813; x_wconf 94' lang='lat'>=</span> <span class='ocrx_word' id='word_1_253' title='bbox 1476 1779 1556 1820; x_wconf 85' lang='lat' dir='ltr'><strong>ino.</strong></span> <span class='ocrx_word' id='word_1_254' title='bbox 1585 1778 1667 1819; x_wconf 86' lang='lat' dir='ltr'><strong>ino.</strong></span> <span class='ocrx_word' id='word_1_255' title='bbox 1698 1782 1806 1831; x_wconf 83' lang='lat' dir='ltr'><strong>trag.</strong></span> 
     </span>
     <span class='ocr_line' id='line_1_24' title="bbox 269 1842 1807 1901; baseline -0.001 -12"><span class='ocrx_word' id='word_1_256' title='bbox 269 1847 361 1890; x_wconf 89' lang='lat'><strong>118.</strong></span> <span class='ocrx_word' id='word_1_257' title='bbox 402 1845 504 1888; x_wconf 81' lang='lat' dir='ltr'><strong>Pac.</strong></span> <span class='ocrx_word' id='word_1_258' title='bbox 526 1845 609 1886; x_wconf 86' lang='lat'><strong>389</strong></span> <span class='ocrx_word' id='word_1_259' title='bbox 630 1846 739 1884; x_wconf 88' lang='lat' dir='ltr'><strong>nulla</strong></span> <span class='ocrx_word' id='word_1_260' title='bbox 758 1858 820 1883; x_wconf 84' lang='lat' dir='ltr'><strong>res</strong></span> <span class='ocrx_word' id='word_1_261' title='bbox 840 1842 924 1883; x_wconf 76' lang='lat' dir='ltr'><strong>Neo</strong></span> <span class='ocrx_word' id='word_1_262' title='bbox 949 1846 1120 1884; x_wconf 83' lang='lat' dir='ltr'><strong>cicurare</strong></span> <span class='ocrx_word' id='word_1_263' title='bbox 1141 1858 1267 1900; x_wconf 82' lang='lat' dir='ltr'><strong>neque</strong></span> <span class='ocrx_word' id='word_1_264' title='bbox 1286 1849 1434 1886; x_wconf 87' lang='lat' dir='ltr'><strong>mederi</strong></span> <span class='ocrx_word' id='word_1_265' title='bbox 1463 1849 1569 1899; x_wconf 83' lang='lat' dir='ltr'><strong>potis</strong></span> <span class='ocrx_word' id='word_1_266' title='bbox 1599 1853 1659 1888; x_wconf 86' lang='lat' dir='ltr'><strong>est</strong></span> <span class='ocrx_word' id='word_1_267' title='bbox 1679 1860 1807 1901; x_wconf 76' lang='lat' dir='ltr'><strong>neque</strong></span> 
     </span>
     <span class='ocr_line' id='line_1_25' title="bbox 265 1911 1072 1968; baseline -0.005 -11"><span class='ocrx_word' id='word_1_268' title='bbox 265 1918 437 1968; x_wconf 84' lang='lat' dir='ltr'><strong>refigere.</strong></span> <span class='ocrx_word' id='word_1_269' title='bbox 494 1912 601 1955; x_wconf 77' lang='lat' dir='ltr'><strong>Ace.</strong></span> <span class='ocrx_word' id='word_1_270' title='bbox 634 1911 715 1953; x_wconf 91' lang='grc'><strong>112</strong></span> <span class='ocrx_word' id='word_1_271' title='bbox 744 1912 878 1964; x_wconf 86' lang='lat' dir='ltr'><strong>Neque</strong></span> <span class='ocrx_word' id='word_1_272' title='bbox 907 1936 963 1941; x_wconf 90' lang='lat'>—</span> <span class='ocrx_word' id='word_1_273' title='bbox 991 1927 1072 1953; x_wconf 83' lang='lat' dir='ltr'><strong>nec.</strong></span> 
     </span>
    </p>

    <p class='ocr_par' dir='ltr' id='par_1_3' title="bbox 266 1978 1810 2870">
     <span class='ocr_line' id='line_1_26' title="bbox 383 1978 1808 2037; baseline -0.001 -11"><span class='ocrx_word' id='word_1_274' title='bbox 383 1984 448 2026; x_wconf 89' lang='grc'><strong>62.</strong></span> <span class='ocrx_word' id='word_1_275' title='bbox 499 1978 829 2024; x_wconf 83' lang='lat' dir='ltr'><strong>Coniunctiones</strong></span> <span class='ocrx_word' id='word_1_276' title='bbox 867 1978 1143 2033; x_wconf 83' lang='lat' dir='ltr'><strong>copulativae.</strong></span> <span class='ocrx_word' id='word_1_277' title='bbox 1204 1981 1257 2023; x_wconf 73' lang='lat' dir='ltr'><strong>Et</strong></span> <span class='ocrx_word' id='word_1_278' title='bbox 1286 1983 1327 2037; x_wconf 86' lang='lat' dir='ltr'><strong>a)</strong></span> <span class='ocrx_word' id='word_1_279' title='bbox 1364 1981 1583 2037; x_wconf 84' lang='lat' dir='ltr'><strong>coniungit</strong></span> <span class='ocrx_word' id='word_1_280' title='bbox 1611 1982 1808 2025; x_wconf 85' lang='lat' dir='ltr'><strong>notiones</strong></span> 
     </span>
     <span class='ocr_line' id='line_1_27' title="bbox 267 2046 1807 2109; baseline -0.003 -12"><span class='ocrx_word' id='word_1_281' title='bbox 267 2059 396 2109; x_wconf 82' lang='lat' dir='ltr'><strong>atque</strong></span> <span class='ocrx_word' id='word_1_282' title='bbox 426 2049 670 2094; x_wconf 82' lang='lat' dir='ltr'><strong>sententias.</strong></span> <span class='ocrx_word' id='word_1_283' title='bbox 728 2046 836 2089; x_wconf 85' lang='lat' dir='ltr'><strong>Aco.</strong></span> <span class='ocrx_word' id='word_1_284' title='bbox 867 2047 921 2089; x_wconf 90' lang='grc'><strong>60</strong></span> <span class='ocrx_word' id='word_1_285' title='bbox 951 2050 1170 2101; x_wconf 82' lang='lat' dir='ltr'><strong>depositum</strong></span> <span class='ocrx_word' id='word_1_286' title='bbox 1207 2058 1246 2092; x_wconf 91' lang='lat' dir='ltr'><strong>et</strong></span> <span class='ocrx_word' id='word_1_287' title='bbox 1281 2058 1527 2092; x_wconf 82' lang='lat' dir='ltr'><strong>maerentem.</strong></span> <span class='ocrx_word' id='word_1_288' title='bbox 1587 2052 1642 2093; x_wconf 83' lang='lat'><strong>69</strong></span> <span class='ocrx_word' id='word_1_289' title='bbox 1674 2068 1807 2094; x_wconf 82' lang='lat' dir='ltr'><strong>somno</strong></span> 
     </span>
     <span class='ocr_line' id='line_1_28' title="bbox 267 2116 1808 2172; baseline -0.003 -6"><span class='ocrx_word' id='word_1_290' title='bbox 267 2129 307 2166; x_wconf 83' lang='lat' dir='ltr'><strong>et</strong></span> <span class='ocrx_word' id='word_1_291' title='bbox 346 2122 600 2164; x_wconf 86' lang='lat' dir='ltr'><strong>tarditudine.</strong></span> <span class='ocrx_word' id='word_1_292' title='bbox 660 2116 715 2157; x_wconf 85' lang='grc'><strong>90</strong></span> <span class='ocrx_word' id='word_1_293' title='bbox 756 2118 986 2167; x_wconf 82' lang='lat' dir='ltr'><strong>coniungam</strong></span> <span class='ocrx_word' id='word_1_294' title='bbox 1027 2123 1066 2157; x_wconf 90' lang='lat' dir='ltr'><strong>et</strong></span> <span class='ocrx_word' id='word_1_295' title='bbox 1108 2133 1334 2172; x_wconf 86' lang='lat' dir='ltr'><strong>comparem.</strong></span> <span class='ocrx_word' id='word_1_296' title='bbox 1404 2120 1484 2162; x_wconf 91' lang='lat'><strong>137</strong></span> <span class='ocrx_word' id='word_1_297' title='bbox 1527 2123 1727 2162; x_wconf 74' lang='lat' dir='ltr'><strong>consulere</strong></span> <span class='ocrx_word' id='word_1_298' title='bbox 1768 2127 1808 2161; x_wconf 86' lang='lat' dir='ltr'><strong>et</strong></span> 
     </span>
     <span class='ocr_line' id='line_1_29' title="bbox 266 2187 1806 2247; baseline -0.003 -12"><span class='ocrx_word' id='word_1_299' title='bbox 266 2207 434 2247; x_wconf 82' lang='lat' dir='ltr'><strong>parcere.</strong></span> <span class='ocrx_word' id='word_1_300' title='bbox 497 2188 578 2230; x_wconf 89' lang='lat'><strong>184</strong></span> <span class='ocrx_word' id='word_1_301' title='bbox 613 2187 798 2239; x_wconf 80' lang='lat' dir='ltr'><strong>pavidum</strong></span> <span class='ocrx_word' id='word_1_302' title='bbox 834 2190 874 2225; x_wconf 87' lang='lat' dir='ltr'><strong>et</strong></span> <span class='ocrx_word' id='word_1_303' title='bbox 902 2192 1184 2237; x_wconf 81' lang='lat' dir='ltr'><strong>properantem.</strong></span> <span class='ocrx_word' id='word_1_304' title='bbox 1245 2188 1329 2229; x_wconf 89' lang='grc'><strong>278</strong></span> <span class='ocrx_word' id='word_1_305' title='bbox 1358 2191 1521 2229; x_wconf 79' lang='lat' dir='ltr'><strong>tarditie</strong></span> <span class='ocrx_word' id='word_1_306' title='bbox 1548 2195 1590 2229; x_wconf 89' lang='lat' dir='ltr'><strong>et</strong></span> <span class='ocrx_word' id='word_1_307' title='bbox 1618 2192 1806 2230; x_wconf 72' lang='lat' dir='ltr'><strong>socordia.</strong></span> 
     </span>
     <span class='ocr_line' id='line_1_30' title="bbox 268 2254 1805 2309; baseline -0.004 -5"><span class='ocrx_word' id='word_1_308' title='bbox 268 2261 364 2304; x_wconf 84' lang='lat'><strong>288.</strong></span> <span class='ocrx_word' id='word_1_309' title='bbox 401 2258 497 2301; x_wconf 89' lang='grc'><strong>289.</strong></span> <span class='ocrx_word' id='word_1_310' title='bbox 534 2255 614 2297; x_wconf 88' lang='grc'><strong>297</strong></span> <span class='ocrx_word' id='word_1_311' title='bbox 653 2254 772 2306; x_wconf 89' lang='lat' dir='ltr'><strong>Apud</strong></span> <span class='ocrx_word' id='word_1_312' title='bbox 801 2277 856 2281; x_wconf 97' lang='lat'><strong>—</strong></span> <span class='ocrx_word' id='word_1_313' title='bbox 886 2268 1036 2293; x_wconf 85' lang='lat' dir='ltr'><strong>amnem</strong></span> <span class='ocrx_word' id='word_1_314' title='bbox 1074 2260 1114 2295; x_wconf 88' lang='lat' dir='ltr'><strong>et</strong></span> <span class='ocrx_word' id='word_1_315' title='bbox 1147 2258 1306 2309; x_wconf 84' lang='lat' dir='ltr'><strong>rapidas</strong></span> <span class='ocrx_word' id='word_1_316' title='bbox 1342 2259 1467 2297; x_wconf 83' lang='lat' dir='ltr'><strong>undas</strong></span> <span class='ocrx_word' id='word_1_317' title='bbox 1502 2259 1649 2298; x_wconf 76' lang='lat' dir='ltr'><strong>Inachi.</strong></span> <span class='ocrx_word' id='word_1_318' title='bbox 1709 2257 1805 2299; x_wconf 88' lang='lat'><strong>311.</strong></span> 
     </span>
     <span class='ocr_line' id='line_1_31' title="bbox 270 2323 1808 2378; baseline -0.005 -4"><span class='ocrx_word' id='word_1_319' title='bbox 270 2326 364 2374; x_wconf 83' lang='grc'><strong>328.</strong></span> <span class='ocrx_word' id='word_1_320' title='bbox 391 2328 479 2371; x_wconf 74' lang='grc'><strong>’340</strong></span> <span class='ocrx_word' id='word_1_321' title='bbox 516 2326 625 2367; x_wconf 76' lang='lat' dir='ltr'><strong>clade</strong></span> <span class='ocrx_word' id='word_1_322' title='bbox 661 2328 701 2363; x_wconf 87' lang='lat' dir='ltr'><strong>et</strong></span> <span class='ocrx_word' id='word_1_323' title='bbox 736 2323 1010 2374; x_wconf 80' lang='lat' dir='ltr'><strong>squalitudine.</strong></span> <span class='ocrx_word' id='word_1_324' title='bbox 1070 2323 1152 2364; x_wconf 89' lang='lat'><strong>343</strong></span> <span class='ocrx_word' id='word_1_325' title='bbox 1189 2327 1293 2377; x_wconf 88' lang='lat' dir='ltr'><strong>quod</strong></span> <span class='ocrx_word' id='word_1_326' title='bbox 1328 2340 1473 2378; x_wconf 81' lang='lat' dir='ltr'><strong>quaero</strong></span> <span class='ocrx_word' id='word_1_327' title='bbox 1509 2327 1635 2366; x_wconf 83' lang='lat' dir='ltr'><strong>enoda</strong></span> <span class='ocrx_word' id='word_1_328' title='bbox 1669 2331 1710 2366; x_wconf 87' lang='lat' dir='ltr'><strong>et</strong></span> <span class='ocrx_word' id='word_1_329' title='bbox 1738 2328 1808 2378; x_wconf 88' lang='lat' dir='ltr'><strong>qui</strong></span> 
     </span>
     <span class='ocr_line' id='line_1_32' title="bbox 270 2392 1806 2453; baseline -0.005 -11"><span class='ocrx_word' id='word_1_330' title='bbox 270 2404 324 2442; x_wconf 73' lang='lat' dir='ltr'><strong>sis</strong></span> <span class='ocrx_word' id='word_1_331' title='bbox 360 2400 521 2453; x_wconf 86' lang='lat' dir='ltr'><strong>explica.</strong></span> <span class='ocrx_word' id='word_1_332' title='bbox 581 2392 663 2435; x_wconf 86' lang='lat'><strong>372</strong></span> <span class='ocrx_word' id='word_1_333' title='bbox 702 2392 853 2431; x_wconf 85' lang='lat' dir='ltr'><strong>offirma</strong></span> <span class='ocrx_word' id='word_1_334' title='bbox 889 2395 929 2430; x_wconf 88' lang='lat' dir='ltr'><strong>et</strong></span> <span class='ocrx_word' id='word_1_335' title='bbox 958 2405 1148 2443; x_wconf 86' lang='lat' dir='ltr'><strong>compara.</strong></span> <span class='ocrx_word' id='word_1_336' title='bbox 1208 2393 1292 2434; x_wconf 88' lang='grc'><strong>374</strong></span> <span class='ocrx_word' id='word_1_337' title='bbox 1321 2399 1451 2434; x_wconf 79' lang='lat' dir='ltr'><strong>taetra</strong></span> <span class='ocrx_word' id='word_1_338' title='bbox 1478 2400 1588 2434; x_wconf 84' lang='lat' dir='ltr'><strong>veste</strong></span> <span class='ocrx_word' id='word_1_339' title='bbox 1616 2400 1657 2434; x_wconf 88' lang='lat' dir='ltr'><strong>et</strong></span> <span class='ocrx_word' id='word_1_340' title='bbox 1684 2396 1806 2435; x_wconf 82' lang='lat' dir='ltr'><strong>vasti-</strong></span> 
     </span>
     <span class='ocr_line' id='line_1_33' title="bbox 269 2460 1808 2514; baseline -0.006 -2"><span class='ocrx_word' id='word_1_341' title='bbox 269 2472 417 2512; x_wconf 83' lang='lat' dir='ltr'><strong>tudine.</strong></span> <span class='ocrx_word' id='word_1_342' title='bbox 460 2465 542 2510; x_wconf 85' lang='lat'><strong>392</strong></span> <span class='ocrx_word' id='word_1_343' title='bbox 572 2461 725 2514; x_wconf 88' lang='lat' dir='ltr'><strong>ingenti</strong></span> <span class='ocrx_word' id='word_1_344' title='bbox 749 2460 880 2500; x_wconf 81' lang='lat' dir='ltr'><strong>sonitu</strong></span> <span class='ocrx_word' id='word_1_345' title='bbox 908 2464 948 2499; x_wconf 89' lang='lat' dir='ltr'><strong>et</strong></span> <span class='ocrx_word' id='word_1_346' title='bbox 977 2460 1131 2511; x_wconf 81' lang='lat' dir='ltr'><strong>spiritu.</strong></span> <span class='ocrx_word' id='word_1_347' title='bbox 1172 2460 1256 2502; x_wconf 88' lang='lat'><strong>406</strong></span> <span class='ocrx_word' id='word_1_348' title='bbox 1276 2464 1327 2502; x_wconf 86' lang='lat' dir='ltr'><strong>ad</strong></span> <span class='ocrx_word' id='word_1_349' title='bbox 1356 2464 1463 2507; x_wconf 83' lang='lat' dir='ltr'><strong>auris</strong></span> <span class='ocrx_word' id='word_1_350' title='bbox 1483 2487 1540 2492; x_wconf 89' lang='lat'><strong>—</strong></span> <span class='ocrx_word' id='word_1_351' title='bbox 1559 2467 1601 2503; x_wconf 89' lang='lat' dir='ltr'><strong>et</strong></span> <span class='ocrx_word' id='word_1_352' title='bbox 1619 2464 1808 2504; x_wconf 81' lang='lat' dir='ltr'><strong>auditum.</strong></span> 
     </span>
     <span class='ocr_line' id='line_1_34' title="bbox 271 2527 1810 2590; baseline 0 -20"><span class='ocrx_word' id='word_1_353' title='bbox 271 2539 356 2580; x_wconf 85' lang='lat'><strong>438</strong></span> <span class='ocrx_word' id='word_1_354' title='bbox 397 2538 545 2590; x_wconf 67' lang='lat' dir='ltr'><strong>grande</strong></span> <span class='ocrx_word' id='word_1_355' title='bbox 586 2543 626 2577; x_wconf 55' lang='lat' dir='ltr'><strong>0ss</strong></span> <span class='ocrx_word' id='word_1_356' title='bbox 665 2543 792 2581; x_wconf 83' lang='lat' dir='ltr'><strong>grave.</strong></span> <span class='ocrx_word' id='word_1_357' title='bbox 851 2527 934 2567; x_wconf 88' lang='lat'><strong>446</strong></span> <span class='ocrx_word' id='word_1_358' title='bbox 975 2530 1134 2568; x_wconf 77' lang='lat' dir='ltr'><strong>exuvias</strong></span> <span class='ocrx_word' id='word_1_359' title='bbox 1176 2536 1216 2569; x_wconf 88' lang='lat' dir='ltr'><strong>et</strong></span> <span class='ocrx_word' id='word_1_360' title='bbox 1256 2546 1448 2571; x_wconf 81' lang='lat' dir='ltr'><strong>coronam.</strong></span> <span class='ocrx_word' id='word_1_361' title='bbox 1514 2531 1599 2572; x_wconf 86' lang='lat'><strong>475</strong></span> <span class='ocrx_word' id='word_1_362' title='bbox 1641 2537 1730 2571; x_wconf 78' lang='lat' dir='ltr'><strong>astu</strong></span> <span class='ocrx_word' id='word_1_363' title='bbox 1770 2536 1810 2571; x_wconf 73' lang='lat' dir='ltr'><strong>et</strong></span> 
     </span>
     <span class='ocr_line' id='line_1_35' title="bbox 270 2596 1808 2652; baseline 0 -12"><span class='ocrx_word' id='word_1_364' title='bbox 270 2609 453 2650; x_wconf 58' lang='lat' dir='ltr'><strong>fallendo,</strong></span> <span class='ocrx_word' id='word_1_365' title='bbox 520 2604 604 2648; x_wconf 82' lang='lat'><strong>480</strong></span> <span class='ocrx_word' id='word_1_366' title='bbox 644 2601 793 2648; x_wconf 65' lang='lat' dir='ltr'><strong>tonjtra</strong></span> <span class='ocrx_word' id='word_1_367' title='bbox 827 2600 867 2635; x_wconf 91' lang='lat' dir='ltr'><strong>et</strong></span> <span class='ocrx_word' id='word_1_368' title='bbox 900 2596 1086 2636; x_wconf 81' lang='lat' dir='ltr'><strong>turbines.</strong></span> <span class='ocrx_word' id='word_1_369' title='bbox 1152 2596 1246 2639; x_wconf 88' lang='lat'><strong>485.</strong></span> <span class='ocrx_word' id='word_1_370' title='bbox 1282 2599 1365 2640; x_wconf 88' lang='lat'><strong>487</strong></span> <span class='ocrx_word' id='word_1_371' title='bbox 1408 2604 1566 2651; x_wconf 81' lang='lat' dir='ltr'><strong>gratum</strong></span> <span class='ocrx_word' id='word_1_372' title='bbox 1601 2604 1642 2640; x_wconf 82' lang='lat' dir='ltr'><strong>et</strong></span> <span class='ocrx_word' id='word_1_373' title='bbox 1676 2613 1808 2652; x_wconf 76' lang='lat' dir='ltr'><strong>grave.</strong></span> 
     </span>
     <span class='ocr_line' id='line_1_36' title="bbox 271 2663 1810 2720; baseline -0.001 -11"><span class='ocrx_word' id='word_1_374' title='bbox 271 2677 367 2720; x_wconf 71' lang='grc'><strong>516,</strong></span> <span class='ocrx_word' id='word_1_375' title='bbox 400 2676 482 2718; x_wconf 80' lang='lat'><strong>517</strong></span> <span class='ocrx_word' id='word_1_376' title='bbox 521 2691 616 2716; x_wconf 67' lang='lat' dir='ltr'>auro</span> <span class='ocrx_word' id='word_1_377' title='bbox 653 2681 693 2716; x_wconf 62' lang='lat' dir='ltr'><strong>ef,</strong></span> <span class='ocrx_word' id='word_1_378' title='bbox 728 2679 910 2718; x_wconf 85' lang='lat' dir='ltr'><strong>purpura.</strong></span> <span class='ocrx_word' id='word_1_379' title='bbox 969 2663 1064 2705; x_wconf 89' lang='grc'><strong>519.</strong></span> <span class='ocrx_word' id='word_1_380' title='bbox 1095 2664 1175 2706; x_wconf 89' lang='grc'><strong>541</strong></span> <span class='ocrx_word' id='word_1_381' title='bbox 1210 2669 1355 2708; x_wconf 87' lang='lat' dir='ltr'><strong>Contra</strong></span> <span class='ocrx_word' id='word_1_382' title='bbox 1391 2674 1450 2709; x_wconf 83' lang='lat' dir='ltr'><strong>est</strong></span> <span class='ocrx_word' id='word_1_383' title='bbox 1485 2670 1654 2709; x_wconf 82' lang='lat' dir='ltr'><strong>eundum</strong></span> <span class='ocrx_word' id='word_1_384' title='bbox 1684 2692 1740 2699; x_wconf 89' lang='lat'><strong>—-</strong></span> <span class='ocrx_word' id='word_1_385' title='bbox 1770 2674 1810 2708; x_wconf 87' lang='lat' dir='ltr'><strong>et</strong></span> 
     </span>
     <span class='ocr_line' id='line_1_37' title="bbox 271 2734 1810 2801; baseline -0.001 -23"><span class='ocrx_word' id='word_1_386' title='bbox 271 2748 509 2801; x_wconf 51' lang='lat' dir='ltr'><strong>captandum</strong></span> <span class='ocrx_word' id='word_1_387' title='bbox 537 2747 645 2786; x_wconf 49' lang='lat' dir='ltr'><strong>mihi·</strong></span> <span class='ocrx_word' id='word_1_388' title='bbox 688 2744 771 2786; x_wconf 83' lang='lat'><strong>554</strong></span> <span class='ocrx_word' id='word_1_389' title='bbox 801 2734 953 2775; x_wconf 78' lang='lat' dir='ltr'><strong>deserta</strong></span> <span class='ocrx_word' id='word_1_390' title='bbox 982 2738 1022 2773; x_wconf 87' lang='lat' dir='ltr'><strong>et</strong></span> <span class='ocrx_word' id='word_1_391' title='bbox 1049 2739 1186 2788; x_wconf 78' lang='lat' dir='ltr'><strong>tesqua</strong></span> <span class='ocrx_word' id='word_1_392' title='bbox 1219 2760 1270 2767; x_wconf 89' lang='lat'>—</span> <span class='ocrx_word' id='word_1_393' title='bbox 1299 2740 1395 2778; x_wconf 82' lang='lat' dir='ltr'><strong>loca.</strong></span> <span class='ocrx_word' id='word_1_394' title='bbox 1436 2737 1533 2779; x_wconf 84' lang='lat'><strong>583.</strong></span> <span class='ocrx_word' id='word_1_395' title='bbox 1565 2736 1649 2778; x_wconf 88' lang='grc'><strong>588</strong></span> <span class='ocrx_word' id='word_1_396' title='bbox 1678 2741 1810 2777; x_wconf 77' lang='lat' dir='ltr'><strong>tantas</strong></span> 
     </span>
     <span class='ocr_line' id='line_1_38' title="bbox 272 2802 1808 2870; baseline -0.003 -21"><span class='ocrx_word' id='word_1_397' title='bbox 272 2822 312 2858; x_wconf 89' lang='lat' dir='ltr'><strong>et</strong></span> <span class='ocrx_word' id='word_1_398' title='bbox 346 2821 429 2858; x_wconf 62' lang='lat' dir='ltr'><strong>tam</strong></span> <span class='ocrx_word' id='word_1_399' title='bbox 470 2817 620 2870; x_wconf 69' lang='lat' dir='ltr'><strong>opimas</strong></span> <span class='ocrx_word' id='word_1_400' title='bbox 658 2839 713 2845; x_wconf 92' lang='grc'><strong>--</strong></span> <span class='ocrx_word' id='word_1_401' title='bbox 748 2810 931 2858; x_wconf 79' lang='lat' dir='ltr'><strong>Divitias.</strong></span> <span class='ocrx_word' id='word_1_402' title='bbox 996 2802 1090 2846; x_wconf 89' lang='grc'><strong>609.</strong></span> <span class='ocrx_word' id='word_1_403' title='bbox 1129 2805 1211 2848; x_wconf 87' lang='grc'><strong>634</strong></span> <span class='ocrx_word' id='word_1_404' title='bbox 1252 2808 1362 2859; x_wconf 80' lang='lat' dir='ltr'><strong>agito</strong></span> <span class='ocrx_word' id='word_1_405' title='bbox 1398 2812 1438 2847; x_wconf 87' lang='lat' dir='ltr'><strong>et</strong></span> <span class='ocrx_word' id='word_1_406' title='bbox 1473 2820 1664 2859; x_wconf 80' lang='lat' dir='ltr'><strong>comparo.</strong></span> <span class='ocrx_word' id='word_1_407' title='bbox 1722 2804 1808 2846; x_wconf 83' lang='lat'><strong>642</strong></span> 
     </span>
    </p>
   </div>
   <div class='ocr_carea' id='block_1_3' title="bbox 271 2872 1812 2938">
    <p class='ocr_par' dir='ltr' id='par_1_4' title="bbox 271 2872 1812 2938">
     <span class='ocr_line' id='line_1_39' title="bbox 271 2872 1812 2938; baseline -0.01 -10"><span class='ocrx_word' id='word_1_408' title='bbox 271 2887 406 2927; x_wconf 71' lang='lat' dir='ltr'><strong>adfare</strong></span> <span class='ocrx_word' id='word_1_409' title='bbox 436 2892 476 2927; x_wconf 90' lang='lat' dir='ltr'><strong>et</strong></span> <span class='ocrx_word' id='word_1_410' title='bbox 506 2910 561 2915; x_wconf 91' lang='lat'><strong>—</strong></span> <span class='ocrx_word' id='word_1_411' title='bbox 590 2891 690 2938; x_wconf 89' lang='lat' dir='ltr'><strong>pete.</strong></span> <span class='ocrx_word' id='word_1_412' title='bbox 749 2882 831 2924; x_wconf 90' lang='lat'><strong>646</strong></span> <span class='ocrx_word' id='word_1_413' title='bbox 861 2894 1000 2922; x_wconf 90' lang='lat' dir='ltr'><strong>nomen</strong></span> <span class='ocrx_word' id='word_1_414' title='bbox 1036 2880 1075 2915; x_wconf 82' lang='lat' dir='ltr'><strong>et</strong></span> <span class='ocrx_word' id='word_1_415' title='bbox 1108 2891 1259 2917; x_wconf 87' lang='lat' dir='ltr'><strong>numen.</strong></span> <span class='ocrx_word' id='word_1_416' title='bbox 1317 2872 1503 2917; x_wconf 80' lang='lat' dir='ltr'><strong>Gracch.</strong></span> <span class='ocrx_word' id='word_1_417' title='bbox 1533 2875 1561 2915; x_wconf 87' lang='lat'>4</span> <span class='ocrx_word' id='word_1_418' title='bbox 1589 2875 1812 2927; x_wconf 69' lang='lat' dir='ltr'><strong>Pul-puram</strong></span> 
     </span>
    </p>
   </div>
  </div>
 </body>
</html>
