2080 3480
890 231 946 234 „n
1007 206 1062 246 46
1122 230 1178 233 x-.

254 319 395 374 guitas
426 316 632 359 sermonis
664 330 751 359 non
781 317 918 360 vitata
949 292 1026 372 est,
1058 334 1093 361 v.
1123 317 1298 374 Quintil.
1329 316 1434 370 VH,
1467 319 1505 370 9,
1540 319 1621 373 10).
1673 319 1727 361 49
1757 334 1819 359 me

254 405 336 430 esse
374 389 551 429 acerbum
590 388 679 427 sibi.
751 387 802 428 77
842 390 932 429 Non
976 394 1037 430 est
1072 392 1227 441 beatus,
1271 405 1352 430 esse
1394 404 1435 429 se
1471 389 1539 441 qui
1575 403 1655 428 non
1691 394 1817 442 putat.

250 457 406 499 Laber.
438 456 493 496 47
525 468 586 508 sq.
618 461 751 495 utrum
782 462 827 496 tu
857 459 961 497 hunc
991 473 1129 510 gruem
1149 461 1396 499 Balearicum
1417 473 1467 498 an
1485 459 1682 497 hominem
1701 463 1818 510 putas
1884 509 1890 516 ι

255 528 376 566 Esse?
426 524 477 565 51
511 526 601 564 Non
630 527 771 577 putavi
800 527 876 565 hoc
907 541 992 566 eam
1023 529 1229 568 facturum.
1281 523 1375 582 Syr.
1407 528 1512 569 sent.
1544 526 1599 567 46
1628 527 1818 566 beneficia

248 596 386 635 donari
416 617 472 623 —
511 595 626 633 stulti
667 599 822 646 putant.
890 594 975 635 273
1018 610 1059 635 se
1101 611 1255 648 semper
1296 598 1472 637 victuros
1512 600 1665 649 putant.
1733 594 1816 636 522

247 677 360 716 posse
391 686 446 692 —
476 664 563 703 fieri
606 664 709 703 hunc
746 664 951 704 inimicum
993 669 1120 717 putes.
1183 665 1268 706 674
1304 668 1457 707 nullum
1494 666 1696 719 putaveris
1735 680 1817 705 esse

248 735 377 772 locum
418 734 502 772 sine
543 738 652 772 teste.
715 732 798 773 744
836 748 876 772 se
917 748 1032 785 posse
1075 736 1165 786 plus
1207 735 1334 774 iratus
1377 750 1495 787 quam
1530 737 1657 788 possit
1692 740 1816 788 putet.

249 800 361 843 Pall.
391 800 471 843 ino.
501 800 582 842 1116.
606 802 660 843 85
691 807 737 842 tu
766 817 845 841 non
876 803 1078 852 intellegis
1109 807 1264 842 tantum
1295 806 1448 854 gratiae
1478 810 1519 844 te
1550 806 1718 844 demere·
1735 805 1816 844 6136.

250 868 379 912 Titin.
411 871 465 911 49
496 872 671 911 Nimium
701 876 740 910 te
770 872 1014 923 patrocinari
1046 885 1183 910 censeo
1213 872 1450 922 benigniter.
1515 872 1595 913 119
1626 874 1818 924 gaudebit

251 942 327 980 sibi
358 942 539 993 promitti
561 964 615 969 —
647 955 767 980 oreas.
810 936 963 980 Afran.
997 940 1022 980 3
1054 941 1191 979 Nescis
1212 964 1268 969 ·-
1287 955 1350 979 me
1381 955 1534 980 omnem
1564 944 1704 981 melius
1735 957 1816 981 rem

252 1011 393 1048 callere
429 1024 546 1061 quam
583 1011 683 1049 volo.
744 1008 798 1049 93
829 1010 970 1049 Vetuit
999 1023 1060 1047 me
1091 1031 1147 1036 —-
1178 1010 1377 1048 Remeare.
1439 1008 1524 1048 274
1564 1021 1625 1062 sq.
1657 1011 1815 1049 Delibe-

254 1082 384 1116 ratum
415 1084 474 1117 est
503 1093 581 1117 non
611 1083 741 1117 tacere
770 1093 831 1116 me
861 1079 1047 1130 amplius:
1076 1079 1260 1128 Amyclas
1281 1100 1337 1106 -—
1356 1079 1521 1129 periisse
1551 1079 1680 1117 audio.
1731 1077 1815 1119 278

249 1151 288 1184 te
326 1148 510 1197 expediat
546 1148 666 1198 loqui.
728 1146 808 1186 301
845 1147 1025 1187 Saeviter
1061 1148 1162 1185 ferre
1197 1147 1294 1186 haec
1331 1151 1371 1185 te
1402 1147 1545 1185 simula
1583 1151 1623 1185 et
1651 1151 1813 1197 gnatam

250 1240 305 1244 —
335 1216 538 1255 abducere.
582 1215 665 1256 342
687 1217 883 1267 Malleque
913 1231 954 1255 se
984 1231 1063 1255 non
1094 1217 1247 1267 quiesse
1278 1216 1392 1255 dixit.
1434 1212 1587 1268 Pomp.
1618 1212 1729 1257 Bon.
1760 1215 1812 1256 91

249 1285 344 1323 Dixi
376 1308 430 1313 ·—
466 1285 569 1324 illud
605 1287 792 1324 futurum.
864 1281 974 1326 NOV.
1014 1283 1069 1324 48
1107 1285 1219 1324 dixin
1255 1285 1404 1323 iturum
1440 1285 1646 1324 hominem.
1716 1280 1812 1337 Syr.

251 1353 355 1392 sent.
388 1353 444 1392 53
475 1354 629 1392 dedisse
660 1368 700 1392 se
731 1355 839 1392 dicit.
882 1350 1035 1392 Afran.
1058 1352 1140 1392 357
1163 1354 1419 1404 Voluptatem
1450 1354 1562 1404 capio
1592 1354 1813 1403 maximam,

252 1423 419 1461 cruciari
455 1427 500 1461 tu
542 1427 582 1462 te
619 1423 744 1474 culpa.
806 1420 889 1461 418
921 1423 1007 1472 Ego
1044 1426 1187 1461 memet
1223 1423 1388 1460 stultum
1418 1422 1617 1471 existimo,
1662 1423 1814 1461 fatuum

254 1505 336 1530 esse
376 1478 456 1531 non
498 1492 648 1543 opinor.
709 1486 860 1542 Pomp.
891 1487 1001 1531 Bon.
1041 1490 1091 1530 51
1138 1504 1261 1530 voveo
1303 1491 1507 1529 facturum.
1567 1486 1725 1530 Laber.
1761 1490 1813 1530 13

255 1575 370 1611 quem
406 1575 479 1611 ego
516 1576 577 1599 me
608 1585 663 1588 —
694 1561 892 1611 excepisse
928 1562 1005 1599 tibi
1042 1560 1211 1599 narravi.
1276 1558 1355 1598 139
1388 1571 1449 1610 sq.
1487 1573 1586 1609 quae
1625 1560 1813 1598 deleritas

252 1629 333 1668 Vos
363 1630 593 1668 subolitoris
631 1630 724 1667 fecit
755 1652 809 1657 --
840 1629 1076 1668 Puellitari‘?
1136 1624 1290 1668 Publil.
1323 1622 1416 1680 Syr.
1452 1626 1502 1667 17
1537 1638 1599 1680 sq.
1633 1628 1813 1679 Aequum

251 1702 310 1736 est
339 1699 501 1736 induere
531 1702 694 1749 nuptam
724 1701 883 1736 ventum
913 1698 1102 1745 textilem,
1134 1698 1271 1735 Palam
1301 1700 1479 1747 prostare
1509 1697 1665 1735 nudam.
1718 1692 1812 1750 Syr.

249 1767 353 1805 sent.
396 1765 476 1806 132
520 1780 636 1818 quam
678 1767 862 1804 miserum
906 1771 965 1805 est
1006 1767 1091 1804 fieri
1134 1766 1341 1804 metuendo
1384 1779 1526 1804 senem.
1600 1764 1684 1805 396
1731 1780 1813 1804 esse

246 1836 495 1873 laudabilem.
563 1834 648 1873 466
687 1836 794 1885 cogit
831 1836 917 1873 fieri
953 1836 1152 1873 iniuriam.
1220 1833 1304 1873 530
1342 1835 1400 1872 nil
1438 1835 1601 1885 prodest
1636 1836 1735 1873 bene
1773 1840 1812 1873 te

246 1904 443 1944 didicisse.
489 1903 571 1944 665
602 1918 681 1943 11011
703 1908 761 1943 est
781 1905 939 1944 bonitas
961 1919 1044 1944 esse
1064 1904 1266 1943 meliorem
1286 1904 1467 1955 pessimo.
1513 1902 1596 1944 693
1627 1904 1813 1943 miserum

246 1973 391 2010 vivere.
455 1971 534 2010 731
568 1973 709 2023 repelli
748 1986 788 2010 se
818 1973 995 2011 homines
1026 1973 1183 2011 facilius
1215 1985 1332 2022 quam
1363 1972 1494 2023 decipi
1525 1973 1666 2010 ferunt.
1730 1971 1812 2011 780

248 2043 343 2079 Esse
374 2056 529 2079 necesse
571 2047 629 2079 est
659 2043 760 2080 vitia
788 2043 951 2080 minima
981 2043 1241 2080 maximorum
1271 2042 1454 2079 maxima.
1513 2037 1569 2079 In
1599 2038 1810 2080 exclama-

247 2106 363 2148 tione
396 2108 439 2148 et
468 2106 822 2161 interrogatione:
853 2106 934 2148 inc.
965 2106 1045 2149 inc.
1076 2110 1186 2162 trag.
1208 2107 1289 2148 211
1323 2112 1478 2148 tantum
1497 2109 1687 2160 gaudium
1717 2110 1809 2148 obo-

247 2180 319 2216 riri
358 2192 405 2215 ex
443 2179 617 2215 tumultu
652 2168 843 2215 maximo!
905 2176 1052 2217 Afran.
1088 2178 1139 2217 13
1178 2184 1217 2216 te
1247 2178 1444 2216 blaterare
1474 2182 1593 2228 atque
1624 2178 1810 2228 obloqui?

247 2244 301 2287 52
334 2258 426 2299 sqq.
470 2246 735 2286 adulescentis
775 2248 954 2297 optumas
985 2246 1091 2284 Bene
1122 2237 1420 2296 convenientes,
1463 2246 1563 2285 bene
1602 2246 1811 2286 concordes

246 2332 331 2355 cum
361 2318 460 2355 viris
490 2319 668 2368 Repente
699 2316 840 2354 viduas
871 2317 1005 2353 factas.

362 2384 428 2424 48.
474 2382 743 2425 Gerundium
764 2384 808 2423 et
828 2379 1118 2437 gerundivum.
1162 2378 1461 2422 Nominativus
1484 2378 1677 2434 gerundii
1706 2378 1810 2421 Pac.

247 2453 331 2493 235
368 2456 672 2503 regrediundum
716 2458 785 2492 est.
849 2451 932 2491 378
970 2452 1306 2489 manticulandum
1344 2455 1403 2488 est
1439 2451 1547 2488 mihi.
1613 2447 1721 2489 Ace.
1757 2450 1808 2490 77

245 2523 322 2561 tibi
353 2523 500 2562 cautim
530 2526 589 2561 est
620 2522 842 2561 adeundum
864 2520 914 2559 ad
934 2520 1074 2559 virum.
1119 2516 1198 2557 541
1225 2517 1371 2556 Contra
1392 2520 1451 2556 est
1476 2513 1644 2556 eundum
1665 2519 1811 2558 cautim

246 2596 286 2629 et
317 2592 555 2642 captandum
585 2592 694 2629 mihi.
755 2586 885 2629 Titin.
918 2587 972 2627 56
1005 2587 1119 2625 nobis
1150 2586 1376 2624 faciundum
1408 2590 1466 2624 est
1496 2587 1555 2625 ita
1585 2586 1665 2626 6136.
1730 2587 1810 2627 170

243 2661 277 2699 si
310 2660 388 2698 erit
423 2661 500 2698 tibi
532 2660 789 2699 Cantandum.
836 2654 930 2711 Syr.
963 2655 1069 2696 861113.
1095 2654 1177 2694 758
1209 2655 1436 2693 discendum
1466 2658 1535 2693 est.
1580 2650 1690 2694 Cum
1720 2667 1808 2695 acc.

243 2725 402 2770 obiecti
423 2725 695 2769 coniunctum
714 2725 822 2767 Acc.
850 2725 943 2767 174.
981 2720 1135 2765 Afran.
1157 2721 1212 2763 99
1235 2723 1459 2776 Optandum
1480 2737 1650 2762 uxorem.
1681 2719 1809 2765 Nom.

241 2795 465 2851 gerundivi
487 2793 581 2851 Syr.
613 2799 719 2838 sent.
747 2796 832 2837 680
863 2796 991 2836 omnis
1022 2795 1106 2833 dies
1136 2794 1245 2833 velut
1275 2794 1438 2832 ultimus
1469 2793 1709 2832 ordinandus
1740 2799 1808 2834 est.

241 2865 526 2908 Accusativus
569 2864 672 2907 Pac.
714 2865 795 2906 192
838 2863 1192 2918 paedagogandum
1235 2862 1390 2913 accipit.
1457 2858 1666 2915 Pompon.
1696 2859 1807 2904 Bon.
