2080 3480
856 295 1144 337 —25—

679 407 897 456 Syntaxis
919 408 1328 456 praepositionum.

338 477 404 518 35.
436 491 473 519 a.
504 477 659 532 Praep.
688 492 785 520 cum
815 478 896 520 abl.
930 478 1193 520 coniunctae.
1254 481 1307 526 A,
1332 478 1396 529 ab,
1421 478 1504 519 abs.
1566 478 1607 532 a)
1637 477 1782 519 locum

222 542 445 600 significat,
475 544 588 588 unde
618 545 778 603 aliquid
807 545 1104 603 proficiscitur,
1135 545 1222 591 sive
1251 546 1287 590 is
1308 560 1432 591 verus
1461 549 1529 591 est
1553 545 1673 590 locus
1693 545 1783 590 sive

221 627 300 667 per
328 614 623 668 metaphoram
654 617 876 670 cogitatus.
935 616 1038 659 Pac.
1059 617 1144 659 318
1166 633 1189 657 a
1210 619 1340 658 Troia.
1401 615 1507 657 Aoc.
1539 615 1625 658 682
1655 619 1782 656 eiecta

223 684 272 723 ab
301 684 454 743 Argis.
492 679 666 725 Marull.
697 687 745 725 ab
779 687 855 727 Ilio
885 688 1107 739 Numquam
1136 688 1297 726 recedis.
1356 684 1458 727 Pac.
1494 686 1574 727 125
1604 688 1678 726 hoc
1708 687 1780 726 abs

222 755 263 789 te
293 766 372 791 oro.
431 749 537 792 Acc.
568 751 653 793 280
682 755 820 794 Petere
850 770 874 795 a
901 770 973 795 me.
1034 752 1197 808 Turpil.
1228 754 1282 795 87
1304 757 1461 807 inpetro
1483 756 1552 795 abs
1580 760 1631 794 te.
1682 750 1778 808 Syr.

224 820 330 859 sent.
365 818 453 860 650
487 821 705 862 Necessitas
742 824 791 862 ab
826 824 983 863 homine
1024 838 1125 876 quae
1165 826 1253 864 vult
1294 825 1492 876 impetrat.
1533 820 1654 863 ·Pa0.
1692 822 1777 863 222

225 888 332 935 Quae
360 902 422 927 res
451 893 492 928 te
521 890 570 928 ab
600 891 765 930 stabulis
795 893 984 942 abiugat?
1033 890 1119 932 280
1149 894 1183 931 si
1216 896 1275 930 est
1311 906 1435 931 vacua
1471 906 1495 930 a
1531 892 1777 930 contumelia.

224 953 330 996 Ace.
363 955 446 996 262
478 971 501 996 a
530 958 621 997 telis
649 973 803 999 vacuus.
861 957 964 1001 Pac.
985 959 1068 1001 327
1092 960 1308 1012 segregare
1327 961 1398 999 abs
1418 964 1467 999 te.
1528 958 1614 999 400
1633 959 1780 1010 repeda

227 1047 281 1053 —
314 1039 337 1063 a
366 1026 562 1064 vestibulo
592 1028 766 1076 gradum.
824 1025 931 1068 Ace.
958 1027 1039 1068 148
1069 1033 1274 1080 tropaeum
1304 1029 1406 1066 ferre
1427 1050 1481 1056 —
1503 1042 1526 1066 a
1556 1028 1652 1066 forti
1681 1028 1779 1066 viro.

229 1090 309 1133 173
341 1094 390 1133 ab
422 1094 577 1134 domum
605 1095 729 1135 itione
759 1100 919 1136 arceret.
979 1095 1062 1137 257
1094 1098 1143 1136 ab
1174 1098 1322 1147 iugulo.
1383 1094 1467 1137 286
1498 1111 1595 1147 quos
1626 1096 1705 1134 iam
1726 1096 1775 1134 ab

225 1162 343 1200 armis
385 1162 477 1201 anni
518 1164 708 1214 porcent?
769 1162 852 1203 318
893 1165 956 1203 Ab
998 1165 1119 1203 classe
1160 1165 1212 1203 ad
1259 1165 1396 1203 urbem
1444 1165 1621 1203 tendunt.
1694 1162 1778 1203 430

224 1230 357 1269 Reicis
388 1230 457 1269 abs
486 1234 527 1269 te
556 1232 799 1281 religionem.
860 1230 939 1271 531
973 1233 1052 1271 alto
1083 1233 1132 1270 ab
1162 1233 1298 1270 limine
1319 1233 1427 1271 caeli.
1488 1231 1571 1272 596
1602 1232 1666 1271 Ab
1688 1232 1779 1270 dra-

225 1299 350 1337 contis
380 1299 505 1350 stirpe
535 1321 590 1326 —
621 1303 788 1338 exortus.
848 1298 932 1339 619
972 1314 995 1338 a
1029 1314 1091 1338 me
1122 1324 1176 1328 —
1206 1301 1368 1352 eripere.
1427 1299 1513 1341 650
1543 1301 1696 1340 auferre
1725 1300 1779 1339 ab

224 1368 373 1417 regina.
435 1362 595 1407 Santra
635 1367 660 1406 2
704 1369 810 1407 0111111
851 1383 874 1407 a
914 1372 1038 1420 parte.
1096 1365 1247 1421 Pomp.
1278 1368 1303 1408 5
1345 1370 1531 1408 Rhoeteis
1572 1370 1711 1421 procul
1755 1382 1778 1407 a

225 1436 354 1474 terris.
413 1431 505 1475 Ino.
535 1433 617 1475 1110.
647 1436 755 1488 trag.
787 1435 842 1476 23
874 1438 1088 1488 Postquam
1118 1438 1186 1477 abs
1216 1442 1255 1476 te
1286 1460 1340 1465 —
1370 1439 1507 1488 tetigit
1537 1452 1649 1477 aures
1678 1451 1778 1476 nun-

227 1505 318 1542 tius.
378 1503 434 1543 29
466 1505 595 1543 demet
624 1505 693 1543 abs
722 1509 773 1544 te.
837 1503 917 1544 108
949 1506 1017 1557 qui
1037 1527 1092 1532 —
1113 1519 1136 1544 a
1165 1519 1277 1544 socru
1302 1505 1472 1545 Oenomo
1502 1519 1595 1557 rege
1623 1506 1778 1558 Hippo-

228 1574 406 1612 dameam
436 1596 490 1601 —
520 1577 687 1612 nactust.
751 1573 833 1613 124
863 1589 886 1613 a
916 1575 1083 1614 Tantalo
1114 1575 1232 1613 ducat
1261 1588 1392 1624 genus.
1456 1573 1534 1613 181
1559 1576 1609 1613 ab
1630 1588 1779 1612 summo

228 1663 283 1670 —-
314 1642 487 1680 exordio.
545 1638 653 1680 Ace.
683 1642 819 1692 praet.
854 1640 906 1681 12
944 1642 1085 1693 quibus
1123 1656 1146 1680 a
1175 1642 1355 1693 partibus
1386 1641 1594 1681 Gliscunt?
1644 1640 1696 1681 37
1730 1643 1781 1681 ab

228 1712 349 1750 laeva.
410 1706 572 1763 Turpil.
612 1708 665 1750 97
705 1710 755 1749 ab
789 1711 939 1763 *oppido
976 1714 1229 1763 processerat.
1289 1709 1373 1751 203
1411 1711 1462 1750 311
1497 1711 1567 1750 1110
1605 1711 1780 1750 abstulit.

229 1777 312 1819 209
342 1780 400 1818 1111
430 1780 638 1831 quicquam
674 1793 698 1817 a
733 1792 795 1817 me
829 1783 889 1818 est
925 1780 1086 1831 praemi.
1145 1776 1254 1819 Pall.
1284 1777 1365 1820 inc.
1394 1777 1475 1820 1110.
1506 1778 1562 1819 42
1598 1794 1621 1819 3
1657 1783 1780 1830 tergo.

229 1847 284 1888 82
314 1849 378 1887 Ab
408 1849 487 1887 alio
518 1851 696 1898 expectes
733 1864 775 1880 =
813 1842 907 1898 Syr.
939 1848 1045 1886 sent.
1080 1847 1115 1886 1.
1163 1844 1291 1887 Titin.
1322 1847 1348 1886 3
1380 1849 1429 1886 ab
1459 1849 1550 1886 lana
1580 1849 1700 1885 soloci
1730 1848 1782 1885 ad

228 1930 442 1968 purpuram
484 1916 586 1955 data.
644 1911 797 1955 Afran.
829 1913 882 1958 25
921 1926 1012 1967 sqq.
1054 1916 1228 1967 sumpsi·
1244 1929 1322 1953 non
1363 1916 1413 1954 ab
1454 1916 1537 1954 ullo
1577 1917 1692 1954 modo
1723 1938 1780 1944 —-

229 1986 362 2024 Etiam
392 1998 416 2024 a
444 1985 600 2024 Latino.
633 1982 687 2024 85
717 1984 787 2023 abs
815 1987 855 2023 te
885 1971 1035 2023 seorsus
1065 1983 1242 2023 sentiam.
1302 1981 1386 2023 242
1408 1983 1541 2023 3110330
1561 1983 1610 2023 311
1631 1983 1779 2023 lustris.

231 2053 310 2094 301
331 2055 385 2093 ab
404 2055 475 2092 1110
496 2053 697 2092 abducere.
757 2051 840 2091 324
861 2052 929 2090 abs
949 2056 989 2090 te
1009 2052 1223 2089 extrarium
1244 2053 1311 2102 (=
1332 2049 1534 2103 dienum.)
1571 2049 1780 2104 Pompon.

228 2119 338 2163 Bon.
378 2121 403 2162 9
442 2136 466 2161 3
500 2126 540 2161 te
577 2122 769 2173 recipiat.¹
820 2119 875 2160 32
911 2120 1120 2172 expalpare
1158 2142 1213 2148 —--
1244 2121 1293 2159 ab
1329 2121 1410 2160 illo.
1471 2119 1526 2161 43
1564 2122 1722 2160 recedas
1758 2135 1782 2159 a

229 2206 299 2229 me.
359 2190 414 2229 45
445 2192 582 2239 Longe
620 2190 669 2228 ab
699 2191 805 2228 urbe.
864 2186 997 2228 Atell.
1027 2186 1108 2227 inc.
1138 2182 1249 2227 nom.
1281 2187 1307 2227 2
1339 2189 1460 2227 Venit
1495 2191 1722 2228 Dorsennus
1758 2203 1784 2226 a

229 2260 336 2300 villa.
395 2255 551 2299 Laber.
583 2256 637 2298 34
674 2271 698 2297 a
732 2257 942 2297 matronali
978 2256 1137 2309 pudore.
1198 2250 1291 2310 Syr.
1330 2258 1436 2297 sent.
1474 2255 1501 2297 2
1538 2257 1588 2299 ab
1626 2261 1783 2297 amante

229 2329 403 2368 lacrimis
439 2329 608 2366 redimas
646 2327 899 2364 iracundiam.
965 2325 1048 2364 417
1081 2326 1131 2363 ab
1161 2326 1240 2363 imo
1269 2327 1453 2363 nascitur.
1514 2324 1597 2364 508
1628 2326 1785 2376 expetit

231 2412 378 2451 poenas
407 2397 532 2437 iratus
563 2395 611 2435 ab
640 2395 731 2444 ali0‚
763 2409 786 2434 a
816 2408 857 2434 se
886 2394 972 2446 ipso
1003 2394 1138 2444 exigit.
1199 2391 1281 2433 555
1314 2408 1337 2433 a
1365 2397 1490 2432 morte
1512 2417 1566 2422 —
1587 2394 1783 2433 absumus.

230 2465 275 2521 b)
306 2464 360 2507 de
388 2467 581 2518 tempore
611 2460 773 2516 Turpil.
806 2462 857 2503 14
888 2463 950 2502 Ab
980 2463 1107 2501 initio.
1168 2461 1205 2514 0)
1244 2459 1514 2514 coniungitur
1549 2472 1649 2502 oum
1684 2473 1783 2515 pas-

233 2535 343 2578 311713.
402 2533 505 2576 Pac.
528 2533 553 2575 5
584 2535 653 2574 3113
682 2537 723 2573 te
753 2534 879 2572 datur.
937 2528 1043 2571 Ace.
1066 2529 1150 2570 594
1180 2545 1203 2569 a
1232 2532 1391 2570 fortuna
1420 2532 1643 2584 opibusque
1660 2532 1783 2571 omni—

143 2652 147 2655 Δ
231 2607 305 2646 bus
335 2602 553 2646 Desertum.
612 2599 702 2643 Ine.
722 2600 802 2642 inc.
823 2602 930 2653 trag.
964 2598 1044 2640 105
1075 2600 1160 2647 Qua
1188 2603 1308 2651 ponte
1339 2601 1388 2639 ab
1419 2601 1555 2641 Helles
1581 2591 1708 2653 atque
1735 2602 1785 2640 ab

232 2676 348 2715 Ionio
377 2676 478 2714 mari
508 2675 680 2723 Urgetur
708 2672 889 2710 Isthmus.
952 2667 1030 2708 187
1061 2664 1260 2707 desertum
1290 2668 1339 2706 ab
1370 2670 1561 2709 omnibus.
1621 2666 1784 2722 Turpil-

233 2742 291 2784 84
319 2757 381 2783 me
411 2758 435 2784 a
465 2758 505 2783 se
535 2742 669 2782 amari.
728 2736 879 2780 Afran.
905 2737 959 2778 34
989 2738 1115 2777 vereri
1145 2751 1185 2776 se
1215 2738 1264 2776 ab
1295 2738 1385 2777 suis.
1444 2736 1528 2779 277
1561 2753 1585 2778 3
1614 2740 1784 2778 Laribus

232 2813 353 2853 missa
382 2825 477 2851 sum.
538 2809 622 2851 320
652 2810 720 2849 abs
749 2813 789 2847 te
816 2807 1017 2847 creditum.
1075 2801 1230 2845 Laber-
1255 2803 1336 2845 142
1358 2820 1381 2845 a
1400 2807 1548 2858 populo
1564 2806 1786 2846 consectari

233 2904 288 2910 —
320 2881 458 2921 Video.
520 2875 613 2934 Syr.
650 2879 756 2919 sent.
795 2876 878 2918 515
916 2877 965 2916 ab
1007 2889 1051 2914 eo
1092 2875 1207 2914 laedi.
1268 2873 1350 2915 837
1395 2876 1464 2926 qui
1504 2889 1587 2914 sese
1628 2878 1785 2914 accusat

233 2951 330 3001 ipse,
361 2951 412 2989 ab
442 2950 522 2989 alio
551 2963 630 2988 non
659 2951 799 3000 potest.
861 2944 943 2985 845
975 2944 1151 2996 superari
1181 2958 1205 2982 a
1234 2944 1445 2995 superiore.
