2080 3480
857 221 1143 262 *13-

185 389 188 393 *
223 344 286 370 me
315 332 450 383 pudet.
494 328 587 387 Syr.
608 334 715 374 sent.
740 333 820 374 177
852 349 968 386 quem
988 359 1042 365 —
1062 351 1141 376 non
1159 339 1291 390 pudet.
1334 338 1414 379 271
1449 354 1564 392 quem
1592 340 1782 393 paenitet.

225 397 310 439 600
340 415 454 452 quem
482 425 540 430 —
568 404 756 454 paenitet.
799 401 883 442 806
914 403 1078 456 Saepius
1097 407 1271 445 locutum
1289 422 1502 459 numquam
1526 422 1590 447 me
1609 409 1781 447 tacuisse

223 470 414 521 paenitet.
473 467 577 511 Pac.
609 470 694 512 393
736 471 833 511 litus
861 474 1106 525 pervolgans.
1164 473 1271 517 Acc.
1302 475 1357 517 36
1397 478 1476 517 Cur
1503 492 1567 517 me
1595 478 1781 517 miseram

223 538 382 589 inridet,
411 541 565 591 magnis
596 543 815 591 compotem
844 545 885 580 et
912 543 1047 583 multis
1066 545 1205 585 malis?
1245 543 1397 587 Afran.
1418 544 1503 587 273
1533 546 1677 586 irridet
1704 560 1776 586 me.

221 603 328 647 Aoo.
361 606 446 647 215
496 608 606 659 ‚quod
640 609 756 647 multi
792 606 1019 650 invideant.
1081 612 1165 653 424
1210 615 1323 654 Unde
1360 616 1447 666 quis
1482 629 1562 654 non
1596 616 1777 655 mortalis

212 673 359 729 flore-m
389 676 558 715 liberum
578 673 732 716 invidit
759 679 911 718 meum?
953 679 1034 721 697
1067 682 1332 722 invidendum.
1373 680 1481 723 Ace.
1508 682 1591 723 327
1615 695 1677 736 sq.
1708 698 1775 723 eos

220 744 402 783 mortalis
431 745 567 796 poenis
597 746 742 786 liberos
773 770 826 775 —
857 746 1058 789 misereor.
1103 750 1188 791 480
1217 752 1399 791 Pervasit
1427 752 1546 791 auris.
1590 750 1674 792 509
1706 753 1774 803 qui

220 825 349 851 arcem
377 812 612 865 Alfeumque
641 816 828 855 accolunt.
883 816 962 857 571
995 832 1138 870 magna
1165 819 1406 859 sonantibus.
1450 818 1534 859 642
1570 806 1685 859 deum
1717 842 1773 848 —

219 881 365 921 adfare.
426 881 507 923 687
540 896 600 936 sq.
642 887 805 936 mystica
844 888 946 926 vada
979 889 1257 928 Praetervecti.
1316 885 1407 928 Ino.
1444 887 1526 927 1118.
1569 890 1676 939 trag.
1716 889 1770 928 63

218 950 442 1003 pudendam
479 975 532 980 -—
569 952 756 993 hortabar
795 954 939 1006 fugam.
1002 954 1082 997 116
1118 956 1294 997 Eandem
1323 957 1512 997 virtutem
1542 980 1598 985 —
1629 970 1771 1008 gemes.

219 1016 381 1072 Turpil.
416 1020 495 1060 177
516 1036 628 1071 gemo
647 1038 753 1062 meas
772 1025 959 1063 fortunae.
1005 1024 1085 1064 139
1112 1027 1291 1076 sequitur
1310 1040 1371 1063 me
1390 1027 1504 1064 Toas.
1548 1021 1642 1077 Syr.
1664 1026 1769 1065 sent.

218 1087 303 1129 484
333 1103 445 1129 81111111
464 1090 643 1143 sequitur
661 1092 801 1131 lumen.
845 1090 928 1133 492
958 1093 1073 1133 velox
1093 1094 1300 1134 consilium
1319 1094 1498 1146 sequitur
1516 1095 1771 1146 paenitentia.

217 1157 301 1197 538
332 1160 442 1210 sequi
471 1160 653 1198 maiores.
705 1156 867 1212 Turpil.
898 1159 953 1200 39
990 1162 1136 1201 serviat
1165 1163 1379 1213 cupidines.
1435 1161 1489 1201 99
1521 1162 1669 1200 servire
1699 1162 1769 1200 811-

215 1227 402 1277 gantiam.
446 1226 500 1268 65
531 1237 636 1281 quae
664 1228 777 1267 fuisti
805 1228 960 1268 inscius.
1018 1228 1099 1270 148
1135 1245 1276 1282 querar
1304 1234 1375 1270 tua
1402 1231 1513 1271 vitia.
1557 1226 1686 1271 Titin.
1710 1229 1765 1271 55

215 1310 278 1335 res
308 1310 397 1335 suas
429 1297 690 1347 conqueritur.
738 1296 790 1336 14
820 1298 905 1347 fugi
932 1301 1050 1349 atque
1070 1299 1189 1349 effugi
1208 1303 1369 1350 patrem.
1412 1297 1466 1338 85
1504 1313 1566 1338 188
1598 1300 1769 1338 Graecas

215 1365 357 1405 studet.
410 1363 491 1405 158
523 1376 585 1418 sq.
621 1366 816 1405 neminem
844 1366 968 1406 Decet
995 1367 1148 1407 bonam.
1199 1362 1291 1421 Syr.
1322 1368 1428 1408 sent.
1459 1366 1541 1408 627
1584 1382 1768 1419 magnam

214 1435 414 1472 fortunam
448 1448 612 1484 magnus
649 1436 768 1473 etiam
804 1435 957 1473 animus
993 1437 1113 1475 decet.
1172 1433 1324 1476 Afran.
1356 1435 1438 1475 297
1480 1437 1544 1475 Me
1574 1437 1767 1476 convenit.

213 1498 365 1556 Pomp.
384 1498 494 1543 Bon.
519 1501 571 1542 16
603 1503 766 1543 conveni
787 1517 918 1543 omnes
947 1504 1129 1544 convivas
1157 1518 1273 1544 meas.
1326 1500 1478 1545 Afran.
1500 1502 1585 1544 390
1619 1518 1692 1544 nos
1712 1528 1768 1533 —

214 1569 431 1623 indulqent
461 1568 589 1624 (Non.
620 1570 717 1622 497,
748 1570 833 1622 28).
886 1569 1037 1625 Pomp.
1067 1569 1175 1613 Bon.
1210 1572 1292 1613 184
1322 1584 1383 1624 sq.
1419 1573 1663 1624 *superiorem
1691 1574 1768 1612 Lo-

217 1654 304 1679 cum
324 1641 517 1680 inscende.
559 1636 669 1681 Nov.
691 1639 746 1680 54
776 1642 924 1681 Malum
946 1642 1020 1681 hoc
1038 1656 1100 1680 me
1119 1642 1384 1694 praeterisset.
1428 1636 1521 1694 Syr.
1550 1642 1656 1681 sent.
1689 1639 1773 1681 238

216 1710 344 1748 intrat
364 1707 541 1761 culpam,
575 1710 644 1760 qui
667 1711 882 1760 peceatum
901 1711 1103 1762 praeterit.
1147 1709 1230 1751 309
1260 1711 1531 1750 necessitatem
1552 1711 1666 1759 ferre,
1695 1724 1773 1749 non

216 1778 310 1817 flere
336 1778 509 1818 addecet.
552 1777 637 1818 314
667 1793 829 1818 avarum
857 1803 912 1808 —
932 1780 1074 1819 deficit.
1117 1778 1201 1819 478
1231 1780 1404 1819 vicinum
1422 1802 1479 1808 —
1498 1779 1645 1817 ulcisci.
1688 1777 1772 1818 509

218 1847 426 1899 desperare
446 1869 500 1876 —
523 1848 658 1886 otium.
703 1846 787 1888 535
818 1862 951 1887 omnes
970 1849 1093 1887 vitam
1113 1848 1335 1886 differentes
1355 1860 1459 1885 mors
1479 1847 1629 1885 incerta
1657 1860 1770 1898 prae-

217 1917 337 1955 venit.
381 1914 461 1956 681
491 1930 606 1968 quem
626 1931 789 1968 cumque
810 1917 955 1956 arrisit.
996 1912 1099 1956 Pac.
1124 1914 1203 1955 107
1226 1919 1343 1967 atque
1363 1929 1481 1954 88808.
1524 1913 1609 1954 238
1639 1928 1771 1954 88811111

217 2006 276 2015 —-
306 1989 502 2024 ostentum
530 1999 670 2024 senem.
717 1982 825 2025 Aoo.
858 1984 912 2025 69
943 1999 1051 2024 eccos
1080 1985 1220 2034 segnis.
1270 1980 1399 2023 Titin.
1431 1982 1487 2023 64
1516 1998 1648 2022 eccum
1678 1984 1770 2022 exit.

216 2050 504 2094 Accusativus
533 2050 577 2093 in
607 2050 935 2094 exclamatione:
975 2049 1078 2093 Pac.
1104 2052 1185 2093 134
1221 2067 1283 2092 me
1311 2053 1513 2092 miserum!
1572 2051 1657 2092 264
1694 2053 1772 2092 heu

216 2122 401 2159 miserum
430 2136 502 2160 me.
554 2119 663 2161 Aoo.
684 2120 769 2161 346
807 2122 895 2160 Heu
923 2135 985 2160 me
1014 2122 1198 2160 miserum
1224 2139 1265 2154 =
1292 2118 1446 2160 Afran.
1467 2119 1563 2161 411.
1606 2117 1770 2173 Turpil.

220 2188 301 2229 117
340 2190 429 2229 Heu
458 2203 518 2229 me
547 2190 758 2229 infelicem!
816 2189 896 2230 196
932 2191 996 2229 Me
1033 2191 1232 2230 miseram!
1286 2186 1416 2230 Titin.
1454 2189 1535 2229 175
1573 2191 1770 2228 hominem

217 2259 456 2311 improbum!
516 2254 667 2297 Afian.
697 2258 754 2297 66
799 2258 831 2296 Ο
862 2259 968 2297 diem
1008 2259 1256 2307 scelerosum,
1298 2259 1522 2308 indignum!
1583 2256 1668 2297 312
1705 2258 1769 2296 Me

147 2355 151 2360 -
217 2328 414 2367 miseram!
467 2323 620 2378 Pomp.
648 2322 758 2366 Bon.
793 2325 874 2366 159
906 2327 1115 2365 Hominem
1143 2327 1312 2365 beatum.
1367 2321 1460 2377 Syr.
1492 2326 1598 2365 sent.
1628 2323 1714 2365 353
1745 2339 1768 2363 o

217 2396 343 2436 vitam
371 2396 516 2435 misero
545 2396 720 2446 longam,
750 2395 858 2434 felici
896 2394 1064 2434 brevem.
1122 2390 1265 2436 Anon.
1295 2390 1410 2433 mim.
1443 2392 1469 2434 6
1513 2408 1536 2433 o
1567 2394 1770 2434 dominum

217 2479 385 2518 aequum
413 2469 454 2505 et
480 2464 643 2504 bonum!
713 2457 723 2469 '

334 2533 403 2575 25.
432 2530 629 2587 Duplicis
658 2529 888 2574 accusativi
917 2529 999 2573 duo
1019 2543 1178 2584 genera
1198 2543 1291 2572 esse
1312 2532 1493 2582 constat,
1522 2542 1667 2582 unum,
1696 2528 1771 2571 ubi

217 2601 262 2643 in
289 2601 461 2655 passiva
490 2599 805 2643 constructione
835 2598 973 2652 ambo,
1003 2597 1196 2651 alterum,
1225 2597 1300 2640 ubi
1327 2612 1436 2640 unus
1454 2600 1625 2640 tantum
1645 2610 1771 2640 accu-

219 2669 379 2713 sativus
407 2668 453 2713 in
480 2668 785 2712 nominativum
813 2669 1013 2710 mutatur.
1054 2665 1129 2708 Ad
1146 2665 1265 2721 prius
1285 2679 1419 2721 genus
1438 2664 1546 2709 haec
1574 2668 1772 2721 spectant

220 2738 433 2794 exempla:
464 2737 628 2794 Turpil.
649 2739 733 2781 213
762 2742 986 2792 praesentes
1004 2738 1180 2777 homines
1201 2738 1381 2777 absentes
1411 2737 1519 2776 facit.
1559 2733 1670 2777 Pall.
1689 2734 1769 2776 inc.

217 2807 300 2850 1118.
323 2809 377 2851 72
416 2811 520 2859 Quid
535 2809 601 2839 ‘——
630 2823 793 2862 parvam
820 2822 903 2847 rem
930 2820 1112 2858 mag-nam
1140 2805 1262 2845 facis?
1326 2795 1457 2846 Titin.
1484 2804 1539 2845 76
1561 2816 1622 2856 sq.
1653 2817 1770 2856 quam

219 2892 292 2930 ego
321 2880 441 2919 hodie
470 2883 666 2919 extorrem
694 2878 807 2918 Hanc
834 2900 891 2908 -—-
916 2877 1067 2917 faciam.
1113 2873 1195 2915 103
1229 2875 1326 2915 haec
1353 2889 1415 2914 res
1444 2889 1507 2913 me
1535 2874 1632 2913 facit
1660 2872 1770 2912 festi-
