<?xml version="1.0" encoding="UTF-8"?>
<!DOCTYPE html PUBLIC "-//W3C//DTD XHTML 1.0 Transitional//EN"
    "http://www.w3.org/TR/xhtml1/DTD/xhtml1-transitional.dtd">
<html xmlns="http://www.w3.org/1999/xhtml" xml:lang="en" lang="en">
 <head>
  <title>
</title>
<meta http-equiv="Content-Type" content="text/html;charset=utf-8" />
  <meta name='ocr-system' content='tesseract 3.04.00' />
  <meta name='ocr-capabilities' content='ocr_page ocr_carea ocr_par ocr_line ocrx_word'/>
</head>
<body>
  <div class='ocr_page' id='page_1' title='image "./4623431_0010.png"; bbox 0 0 2080 3480; ppageno 0'>
   <div class='ocr_carea' id='block_1_1' title="bbox 902 232 1176 261">
    <p class='ocr_par' dir='ltr' id='par_1_1' title="bbox 902 232 1176 261">
     <span class='ocr_line' id='line_1_1' title="bbox 902 232 1176 261; baseline 0 -12"><span class='ocrx_word' id='word_1_1' title='bbox 902 232 1176 261; x_wconf 37' lang='lat' dir='ltr'>—I‘Vss</span> 
     </span>
    </p>
   </div>
   <div class='ocr_carea' id='block_1_2' title="bbox 267 333 1814 901">
    <p class='ocr_par' dir='ltr' id='par_1_2' title="bbox 267 333 1814 612">
     <span class='ocr_line' id='line_1_2' title="bbox 270 333 1813 388; baseline -0.001 -13"><span class='ocrx_word' id='word_1_2' title='bbox 270 337 444 375; x_wconf 84' lang='lat' dir='ltr'><strong>culorum</strong></span> <span class='ocrx_word' id='word_1_3' title='bbox 474 335 583 385; x_wconf 85' lang='lat' dir='ltr'><strong>ludo,</strong></span> <span class='ocrx_word' id='word_1_4' title='bbox 621 349 734 388; x_wconf 88' lang='lat' dir='ltr'><strong>quem</strong></span> <span class='ocrx_word' id='word_1_5' title='bbox 764 337 884 387; x_wconf 84' lang='lat' dir='ltr'><strong>vulgo</strong></span> <span class='ocrx_word' id='word_1_6' title='bbox 915 336 1109 375; x_wconf 82' lang='lat' dir='ltr'><strong>scachium</strong></span> <span class='ocrx_word' id='word_1_7' title='bbox 1139 336 1288 384; x_wconf 86' lang='lat' dir='ltr'><strong>dicunt,</strong></span> <span class='ocrx_word' id='word_1_8' title='bbox 1331 334 1387 373; x_wconf 85' lang='lat' dir='ltr'><strong>ita</strong></span> <span class='ocrx_word' id='word_1_9' title='bbox 1416 346 1494 371; x_wconf 92' lang='grc'>11011</span> <span class='ocrx_word' id='word_1_10' title='bbox 1521 333 1650 383; x_wconf 82' lang='lat' dir='ltr'><strong>rudis,</strong></span> <span class='ocrx_word' id='word_1_11' title='bbox 1685 338 1749 384; x_wconf 91' lang='lat' dir='ltr'><strong>ut,</strong></span> <span class='ocrx_word' id='word_1_12' title='bbox 1779 333 1813 374; x_wconf 87' lang='lat' dir='ltr'><strong>si</strong></span> 
     </span>
     <span class='ocr_line' id='line_1_3' title="bbox 267 391 1813 444; baseline -0.001 -13"><span class='ocrx_word' id='word_1_13' title='bbox 267 408 346 431; x_wconf 90' lang='lat' dir='ltr'><strong>non</strong></span> <span class='ocrx_word' id='word_1_14' title='bbox 365 394 524 444; x_wconf 85' lang='lat' dir='ltr'><strong>primus,</strong></span> <span class='ocrx_word' id='word_1_15' title='bbox 555 397 598 430; x_wconf 81' lang='lat' dir='ltr'><strong>at</strong></span> <span class='ocrx_word' id='word_1_16' title='bbox 618 394 723 431; x_wconf 87' lang='lat' dir='ltr'><strong>inter</strong></span> <span class='ocrx_word' id='word_1_17' title='bbox 742 394 892 444; x_wconf 86' lang='lat' dir='ltr'><strong>primos</strong></span> <span class='ocrx_word' id='word_1_18' title='bbox 912 408 990 431; x_wconf 89' lang='lat' dir='ltr'><strong>non</strong></span> <span class='ocrx_word' id='word_1_19' title='bbox 1010 394 1171 431; x_wconf 88' lang='lat' dir='ltr'><strong>ultimus</strong></span> <span class='ocrx_word' id='word_1_20' title='bbox 1202 396 1312 441; x_wconf 82' lang='lat' dir='ltr'><strong>esset,</strong></span> <span class='ocrx_word' id='word_1_21' title='bbox 1343 391 1463 443; x_wconf 84' lang='lat' dir='ltr'><strong>quid?</strong></span> <span class='ocrx_word' id='word_1_22' title='bbox 1492 391 1597 441; x_wconf 88' lang='lat' dir='ltr'><strong>quod</strong></span> <span class='ocrx_word' id='word_1_23' title='bbox 1627 392 1746 430; x_wconf 83' lang='lat' dir='ltr'><strong>etiam</strong></span> <span class='ocrx_word' id='word_1_24' title='bbox 1770 407 1813 431; x_wconf 89' lang='lat' dir='ltr'><strong>re</strong></span> 
     </span>
     <span class='ocr_line' id='line_1_4' title="bbox 268 449 1813 501; baseline 0 -14"><span class='ocrx_word' id='word_1_25' title='bbox 268 450 511 500; x_wconf 65' lang='lat' dir='ltr'><strong>gymnastico,</strong></span> <span class='ocrx_word' id='word_1_26' title='bbox 539 462 610 487; x_wconf 89' lang='lat' dir='ltr'><strong>nos</strong></span> <span class='ocrx_word' id='word_1_27' title='bbox 641 450 848 488; x_wconf 84' lang='lat' dir='ltr'><strong>erudiebat</strong></span> <span class='ocrx_word' id='word_1_28' title='bbox 877 463 1028 501; x_wconf 89' lang='lat' dir='ltr'><strong>pueros.</strong></span> <span class='ocrx_word' id='word_1_29' title='bbox 1083 450 1189 488; x_wconf 84' lang='lat' dir='ltr'><strong>Haec</strong></span> <span class='ocrx_word' id='word_1_30' title='bbox 1219 450 1347 488; x_wconf 79' lang='lat' dir='ltr'><strong>omnia</strong></span> <span class='ocrx_word' id='word_1_31' title='bbox 1376 449 1418 487; x_wconf 89' lang='lat' dir='ltr'><strong>in</strong></span> <span class='ocrx_word' id='word_1_32' title='bbox 1447 461 1522 499; x_wconf 91' lang='lat' dir='ltr'><strong>quo</strong></span> <span class='ocrx_word' id='word_1_33' title='bbox 1553 451 1653 497; x_wconf 88' lang='lat' dir='ltr'><strong>sunt,</strong></span> <span class='ocrx_word' id='word_1_34' title='bbox 1684 463 1813 487; x_wconf 89' lang='lat' dir='ltr'><strong>nonne</strong></span> 
     </span>
     <span class='ocr_line' id='line_1_5' title="bbox 268 506 1814 558; baseline 0 -14"><span class='ocrx_word' id='word_1_35' title='bbox 268 521 354 545; x_wconf 90' lang='lat' dir='ltr'><strong>eum</strong></span> <span class='ocrx_word' id='word_1_36' title='bbox 383 507 506 545; x_wconf 86' lang='lat' dir='ltr'><strong>vitam</strong></span> <span class='ocrx_word' id='word_1_37' title='bbox 534 507 693 545; x_wconf 80' lang='lat' dir='ltr'><strong>beatam</strong></span> <span class='ocrx_word' id='word_1_38' title='bbox 723 508 850 557; x_wconf 80' lang='lat' dir='ltr'><strong>egisse</strong></span> <span class='ocrx_word' id='word_1_39' title='bbox 879 507 1128 546; x_wconf 79' lang='lat' dir='ltr'><strong>censeamus?</strong></span> <span class='ocrx_word' id='word_1_40' title='bbox 1156 508 1198 545; x_wconf 92' lang='lat' dir='ltr'><strong>in</strong></span> <span class='ocrx_word' id='word_1_41' title='bbox 1230 520 1344 558; x_wconf 92' lang='lat' dir='ltr'><strong>quem</strong></span> <span class='ocrx_word' id='word_1_42' title='bbox 1372 506 1530 545; x_wconf 84' lang='lat' dir='ltr'><strong>tandem</strong></span> <span class='ocrx_word' id='word_1_43' title='bbox 1556 506 1682 555; x_wconf 84' lang='lat' dir='ltr'><strong>magis</strong></span> <span class='ocrx_word' id='word_1_44' title='bbox 1712 506 1814 545; x_wconf 87' lang='lat' dir='ltr'><strong>illud</strong></span> 
     </span>
     <span class='ocr_line' id='line_1_6' title="bbox 268 563 986 612; baseline 0 -10"><span class='ocrx_word' id='word_1_45' title='bbox 268 564 398 602; x_wconf 81' lang='lat' dir='ltr'><strong>cadat:</strong></span> <span class='ocrx_word' id='word_1_46' title='bbox 431 563 530 612; x_wconf 89' lang='lat' dir='ltr'><strong>‚Non</strong></span> <span class='ocrx_word' id='word_1_47' title='bbox 560 564 686 602; x_wconf 89' lang='lat' dir='ltr'><strong>omnis</strong></span> <span class='ocrx_word' id='word_1_48' title='bbox 715 563 899 603; x_wconf 82' lang='lat' dir='ltr'><strong>moriar‘?</strong></span> <span class='ocrx_word' id='word_1_49' title='bbox 930 587 986 592; x_wconf 86' lang='lat'>—</span> 
     </span>
    </p>

    <p class='ocr_par' dir='ltr' id='par_1_3' title="bbox 267 620 1812 901">
     <span class='ocr_line' id='line_1_7' title="bbox 382 620 1811 673; baseline 0 -14"><span class='ocrx_word' id='word_1_50' title='bbox 382 620 460 660; x_wconf 87' lang='lat' dir='ltr'><strong>Sed</strong></span> <span class='ocrx_word' id='word_1_51' title='bbox 489 621 585 660; x_wconf 80' lang='lat' dir='ltr'><strong>satis</strong></span> <span class='ocrx_word' id='word_1_52' title='bbox 616 622 663 660; x_wconf 89' lang='lat' dir='ltr'><strong>de</strong></span> <span class='ocrx_word' id='word_1_53' title='bbox 693 622 773 672; x_wconf 90' lang='lat' dir='ltr'><strong>his,</strong></span> <span class='ocrx_word' id='word_1_54' title='bbox 803 636 882 661; x_wconf 90' lang='lat' dir='ltr'><strong>non</strong></span> <span class='ocrx_word' id='word_1_55' title='bbox 912 626 987 671; x_wconf 86' lang='lat' dir='ltr'><strong>est,</strong></span> <span class='ocrx_word' id='word_1_56' title='bbox 1018 636 1113 671; x_wconf 81' lang='lat' dir='ltr'>non,</span> <span class='ocrx_word' id='word_1_57' title='bbox 1144 622 1317 673; x_wconf 88' lang='lat' dir='ltr'><strong>inquam,</strong></span> <span class='ocrx_word' id='word_1_58' title='bbox 1356 635 1423 660; x_wconf 87' lang='lat' dir='ltr'><strong>cur</strong></span> <span class='ocrx_word' id='word_1_59' title='bbox 1459 622 1669 672; x_wconf 83' lang='lat' dir='ltr'><strong>lugeamus.</strong></span> <span class='ocrx_word' id='word_1_60' title='bbox 1727 621 1811 671; x_wconf 85' lang='lat' dir='ltr'><strong>Ego</strong></span> 
     </span>
     <span class='ocr_line' id='line_1_8' title="bbox 268 679 1812 732; baseline 0.001 -15"><span class='ocrx_word' id='word_1_61' title='bbox 268 682 398 717; x_wconf 84' lang='lat' dir='ltr'><strong>autem</strong></span> <span class='ocrx_word' id='word_1_62' title='bbox 427 679 523 718; x_wconf 81' lang='lat' dir='ltr'><strong>haec</strong></span> <span class='ocrx_word' id='word_1_63' title='bbox 559 680 841 719; x_wconf 81' lang='lat' dir='ltr'><strong>conscribenda</strong></span> <span class='ocrx_word' id='word_1_64' title='bbox 869 680 1024 732; x_wconf 83' lang='lat' dir='ltr'><strong>putavi,</strong></span> <span class='ocrx_word' id='word_1_65' title='bbox 1061 693 1109 718; x_wconf 91' lang='lat' dir='ltr'><strong>ne</strong></span> <span class='ocrx_word' id='word_1_66' title='bbox 1152 684 1192 718; x_wconf 92' lang='lat' dir='ltr'><strong>et</strong></span> <span class='ocrx_word' id='word_1_67' title='bbox 1228 680 1344 718; x_wconf 89' lang='lat' dir='ltr'><strong>orbus</strong></span> <span class='ocrx_word' id='word_1_68' title='bbox 1382 680 1664 731; x_wconf 75' lang='lat' dir='ltr'><strong>quodammodo</strong></span> <span class='ocrx_word' id='word_1_69' title='bbox 1700 683 1812 731; x_wconf 83' lang='lat' dir='ltr'><strong>patre</strong></span> 
     </span>
     <span class='ocr_line' id='line_1_9' title="bbox 267 736 1811 788; baseline 0.003 -16"><span class='ocrx_word' id='word_1_70' title='bbox 267 736 428 774; x_wconf 90' lang='lat' dir='ltr'><strong>libellus</strong></span> <span class='ocrx_word' id='word_1_71' title='bbox 459 737 535 774; x_wconf 88' lang='lat' dir='ltr'><strong>iste</strong></span> <span class='ocrx_word' id='word_1_72' title='bbox 572 738 614 774; x_wconf 89' lang='lat' dir='ltr'><strong>in</strong></span> <span class='ocrx_word' id='word_1_73' title='bbox 651 739 775 775; x_wconf 83' lang='lat' dir='ltr'><strong>lucem</strong></span> <span class='ocrx_word' id='word_1_74' title='bbox 805 738 999 788; x_wconf 86' lang='lat' dir='ltr'><strong>prodiret,</strong></span> <span class='ocrx_word' id='word_1_75' title='bbox 1038 741 1076 774; x_wconf 89' lang='lat' dir='ltr'><strong>et</strong></span> <span class='ocrx_word' id='word_1_76' title='bbox 1105 740 1150 774; x_wconf 94' lang='lat' dir='ltr'><strong>ut</strong></span> <span class='ocrx_word' id='word_1_77' title='bbox 1185 737 1270 787; x_wconf 92' lang='lat' dir='ltr'><strong>ipse</strong></span> <span class='ocrx_word' id='word_1_78' title='bbox 1300 738 1469 775; x_wconf 81' lang='lat' dir='ltr'><strong>animum</strong></span> <span class='ocrx_word' id='word_1_79' title='bbox 1499 738 1609 787; x_wconf 89' lang='lat' dir='ltr'><strong>pium</strong></span> <span class='ocrx_word' id='word_1_80' title='bbox 1638 742 1811 787; x_wconf 81' lang='lat' dir='ltr'><strong>gratum-</strong></span> 
     </span>
     <span class='ocr_line' id='line_1_10' title="bbox 268 793 1812 846; baseline 0.003 -16"><span class='ocrx_word' id='word_1_81' title='bbox 268 806 354 843; x_wconf 84' lang='lat' dir='ltr'><strong>que,</strong></span> <span class='ocrx_word' id='word_1_82' title='bbox 385 807 461 843; x_wconf 90' lang='lat' dir='ltr'><strong>quo</strong></span> <span class='ocrx_word' id='word_1_83' title='bbox 491 793 533 831; x_wconf 90' lang='lat' dir='ltr'><strong>in</strong></span> <span class='ocrx_word' id='word_1_84' title='bbox 553 793 755 833; x_wconf 92' lang='lat' dir='ltr'><strong>Holtzium</strong></span> <span class='ocrx_word' id='word_1_85' title='bbox 787 808 917 842; x_wconf 89' lang='lat' dir='ltr'><strong>essem,</strong></span> <span class='ocrx_word' id='word_1_86' title='bbox 947 793 1215 843; x_wconf 85' lang='lat' dir='ltr'><strong>significarem,</strong></span> <span class='ocrx_word' id='word_1_87' title='bbox 1246 807 1367 844; x_wconf 83' lang='lat' dir='ltr'><strong>eaque</strong></span> <span class='ocrx_word' id='word_1_88' title='bbox 1397 795 1439 832; x_wconf 92' lang='lat' dir='ltr'><strong>in</strong></span> <span class='ocrx_word' id='word_1_89' title='bbox 1468 807 1510 832; x_wconf 88' lang='lat' dir='ltr'><strong>re</strong></span> <span class='ocrx_word' id='word_1_90' title='bbox 1529 808 1591 832; x_wconf 92' lang='lat' dir='ltr'><strong>me</strong></span> <span class='ocrx_word' id='word_1_91' title='bbox 1610 808 1688 833; x_wconf 90' lang='lat' dir='ltr'><strong>non</strong></span> <span class='ocrx_word' id='word_1_92' title='bbox 1717 809 1812 846; x_wconf 84' lang='lat' dir='ltr'><strong>pau-</strong></span> 
     </span>
     <span class='ocr_line' id='line_1_11' title="bbox 269 850 1491 901; baseline 0.002 -14"><span class='ocrx_word' id='word_1_93' title='bbox 269 863 403 888; x_wconf 81' lang='lat' dir='ltr'><strong>corum</strong></span> <span class='ocrx_word' id='word_1_94' title='bbox 433 851 688 901; x_wconf 76' lang='lat' dir='ltr'><strong>interpretem</strong></span> <span class='ocrx_word' id='word_1_95' title='bbox 718 852 914 890; x_wconf 85' lang='lat' dir='ltr'><strong>exstitisse</strong></span> <span class='ocrx_word' id='word_1_96' title='bbox 943 854 1049 901; x_wconf 88' lang='lat' dir='ltr'><strong>puto.</strong></span> <span class='ocrx_word' id='word_1_97' title='bbox 1108 850 1218 889; x_wconf 81' lang='lat' dir='ltr'><strong>Have</strong></span> <span class='ocrx_word' id='word_1_98' title='bbox 1247 851 1314 901; x_wconf 79' lang='lat' dir='ltr'><strong>pia</strong></span> <span class='ocrx_word' id='word_1_99' title='bbox 1344 852 1491 890; x_wconf 80' lang='lat' dir='ltr'><strong>anima!</strong></span> 
     </span>
    </p>
   </div>
   <div class='ocr_carea' id='block_1_3' title="bbox 386 962 1717 1014">
    <p class='ocr_par' dir='ltr' id='par_1_4' title="bbox 386 962 1717 1014">
     <span class='ocr_line' id='line_1_12' title="bbox 386 962 1717 1014; baseline 0.003 -14"><span class='ocrx_word' id='word_1_100' title='bbox 386 962 614 1002; x_wconf 82' lang='lat' dir='ltr'><strong>Scribebam</strong></span> <span class='ocrx_word' id='word_1_101' title='bbox 644 965 680 1002; x_wconf 93' lang='lat' dir='ltr'>N</span> <span class='ocrx_word' id='word_1_102' title='bbox 688 978 710 1002; x_wconf 95' lang='grc'>0</span> <span class='ocrx_word' id='word_1_103' title='bbox 717 979 737 1002; x_wconf 90' lang='lat' dir='ltr'><strong>r</strong></span> <span class='ocrx_word' id='word_1_104' title='bbox 746 965 803 1002; x_wconf 89' lang='lat' dir='ltr'><strong>dh</strong></span> <span class='ocrx_word' id='word_1_105' title='bbox 811 980 837 1003; x_wconf 95' lang='lat' dir='ltr'><strong>u</strong></span> <span class='ocrx_word' id='word_1_106' title='bbox 845 978 862 1002; x_wconf 91' lang='lat' dir='ltr'><strong>s</strong></span> <span class='ocrx_word' id='word_1_107' title='bbox 871 978 894 1002; x_wconf 81' lang='lat' dir='ltr'>a</span> <span class='ocrx_word' id='word_1_108' title='bbox 902 978 922 1001; x_wconf 94' lang='lat' dir='ltr'><strong>e</strong></span> <span class='ocrx_word' id='word_1_109' title='bbox 951 976 1079 1001; x_wconf 90' lang='lat' dir='ltr'><strong>mense</strong></span> <span class='ocrx_word' id='word_1_110' title='bbox 1110 963 1329 1014; x_wconf 87' lang='lat' dir='ltr'><strong>Septembri</strong></span> <span class='ocrx_word' id='word_1_111' title='bbox 1357 964 1717 1004; x_wconf 84' lang='lat' dir='ltr'>MDCCGLXXXI.</span> 
     </span>
    </p>
   </div>
   <div class='ocr_carea' id='block_1_4' title="bbox 1498 1133 1753 1179">
    <p class='ocr_par' dir='ltr' id='par_1_5' title="bbox 1498 1133 1753 1179">
     <span class='ocr_line' id='line_1_13' title="bbox 1498 1133 1753 1179; baseline 0.008 -2"><span class='ocrx_word' id='word_1_112' title='bbox 1498 1133 1610 1178; x_wconf 74' lang='lat' dir='ltr'><strong>Guil.</strong></span> <span class='ocrx_word' id='word_1_113' title='bbox 1641 1134 1753 1179; x_wconf 81' lang='lat' dir='ltr'><strong>Tell.</strong></span> 
     </span>
    </p>
   </div>
   <div class='ocr_carea' id='block_1_5' title="bbox 2035 1948 2050 2080">
    <p class='ocr_par' dir='ltr' id='par_1_6' title="bbox 2035 1948 2050 2080">
     <span class='ocr_line' id='line_1_14' title="bbox 2036 1948 2048 1985; baseline 0 -16"><span class='ocrx_word' id='word_1_114' title='bbox 2036 1948 2048 1985; x_wconf 50' lang='grc' dir='ltr'><strong>ξ</strong></span> 
     </span>
     <span class='ocr_line' id='line_1_15' title="bbox 2035 2020 2050 2080; baseline 0 -23"><span class='ocrx_word' id='word_1_115' title='bbox 2035 2020 2050 2080; x_wconf 50' lang='grc' dir='ltr'><strong>’ᾗ</strong></span> 
     </span>
    </p>
   </div>
   <div class='ocr_carea' id='block_1_6' title="bbox 0 3366 2080 3480">
    <p class='ocr_par' dir='ltr' id='par_1_7' title="bbox 0 3366 2080 3480">
     <span class='ocr_line' id='line_1_16' title="bbox 0 3366 2080 3480; baseline 0 0"><span class='ocrx_word' id='word_1_116' title='bbox 0 3366 2080 3480; x_wconf 95' lang='lat' dir='ltr'><strong> </strong></span> 
     </span>
    </p>
   </div>
  </div>
 </body>
</html>
