2080 3480
876 210 1163 252 —57—
1280 164 1310 205 ⁶

242 327 397 366 tristem
431 325 602 365 serium?
661 323 745 364 304
776 324 950 363 Offendit
985 326 1106 376 fregit
1141 329 1289 379 rumpit
1324 329 1397 368 icit
1426 329 1579 380 poculo.
1639 324 1799 368 Laber.

244 392 300 434 28
329 395 391 434 bis
420 397 492 433 ter.

357 459 580 504 Attractio
623 457 892 513 substantivi,
936 458 1049 514 quod
1088 461 1258 516 proprie
1300 461 1356 505 ad
1396 476 1460 506 en.
1499 461 1797 506 secundariam

242 530 447 586 pertinet,
489 528 534 570 in
564 540 628 570 en.
658 526 925 582 primariam:
955 527 1060 571 Ace.
1096 531 1146 572 19
1182 545 1294 586 quem
1331 534 1406 573 scis
1436 535 1545 586 quali
1575 535 1618 573 in
1647 537 1690 573 te
1720 535 1797 574 siet

241 601 473 641 Fidelitate.

361 663 514 709 Oratio
537 665 670 707 recta
703 677 782 719 pro
819 663 1007 720 obliqua:
1045 664 1153 709 Pall.
1192 666 1271 709 inc.
1301 666 1382 710 inc.
1414 668 1468 711 53
1506 686 1634 723 nonne
1675 675 1794 723 putas

244 739 301 776 sic
331 736 506 775 diceret?
563 732 714 787 Pomp.
744 732 853 776 Bon.
896 736 974 776 106
1006 738 1274 788 suffragabunt
1302 743 1408 789 post,
1445 741 1537 778 scio,
1595 736 1704 780 Nov.
1738 739 1789 779 61

245 820 359 858 spero
389 819 472 845 rem
502 805 630 845 faciet.
690 803 744 845 98
774 806 1002 845 facilitatem
1031 807 1145 846 video
1175 807 1299 846 uteris
1329 808 1562 858 vulgariam.

360 872 426 913 55.
483 870 546 913 Ut
580 870 666 913 iam
701 870 755 913 ad
794 871 1104 914 enuntiationes
1140 872 1467 926 interrogativas
1503 886 1583 916 nos
1620 885 1794 915 conver-

244 945 403 993 tamus,
453 939 636 995 primum
677 939 798 983 nobis
840 940 1097 994 spectandae
1140 944 1264 983 erunt
1304 941 1663 996 interrogationes
1704 942 1794 985 sine

243 1007 456 1063 particula
495 1008 837 1063 interrogationis
877 1008 1054 1061 positae.
1124 1008 1232 1050 Acc.
1275 1009 1339 1050 18.
1377 1009 1444 1051 51.
1483 1010 1566 1051 366
1598 1023 1659 1064 sq.
1697 1011 1793 1052 624.

244 1075 366 1120 Ovid.
391 1078 411 1118 1
443 1080 607 1130 perdere
637 1093 687 1118 an
716 1080 871 1130 possim,
901 1079 1044 1128 rogas?
1085 1076 1164 1118 inc.
1185 1076 1265 1118 inc.
1286 1080 1394 1131 trag.
1415 1077 1482 1119 84.
1508 1079 1600 1119 151.
1631 1077 1793 1131 Turpil.

248 1146 267 1186 1
300 1148 407 1185 intus
439 1147 591 1185 cessas?
637 1145 685 1185 11
709 1150 984 1185 testamentum
1005 1160 1096 1196 ergo
1117 1147 1287 1185 celabis?
1329 1145 1384 1186 25
1405 1148 1538 1186 Etiam
1558 1162 1619 1186 me
1639 1149 1792 1196 irrides,

243 1217 410 1268 pessime
446 1230 490 1255 ac
525 1215 756 1255 sacerrime?
816 1213 870 1255 92
901 1215 1031 1253 Habet
1066 1219 1268 1267 potest-am.
1300 1239 1355 1244 ——
1385 1216 1492 1255 Ubi?
1526 1216 1792 1268 potestatem?

248 1284 328 1325 153
358 1285 444 1339 Ego
474 1285 724 1336 praestolabo
754 1284 817 1322 illi
837 1284 1006 1322 oscitans
1037 1288 1126 1323 ante
1147 1284 1317 1323 ostium?
1359 1283 1442 1324 212
1465 1285 1580 1324 Cesso
1602 1299 1792 1336 occupare

243 1355 325 1393 etc.
368 1350 495 1392 Titin.
518 1352 572 1392 93
593 1353 671 1391 mei
701 1352 866 1400 fastidis,
896 1352 1007 1390 Meae
1028 1353 1218 1391 deliciae?
1267 1349 1417 1392 Afran.
1443 1352 1494 1393 13
1524 1357 1565 1392 te
1594 1355 1792 1392 blaterare

243 1426 363 1474 atque
394 1421 582 1474 obloqui?
624 1419 678 1461 69
710 1431 770 1472 sq.
801 1420 1086 1460 nudiustertius
1107 1421 1208 1460 Tute
1238 1421 1458 1460 advenisti?
1502 1420 1582 1461 133
1603 1422 1792 1460 Meretrix

245 1505 333 1529 cum
362 1494 471 1530 veste
500 1489 644 1539 longa?
686 1488 770 1529 206
791 1489 853 1527 Me
884 1489 1094 1539 obsequere
1114 1489 1263 1528 amori?
1305 1488 1387 1528 232
1410 1489 1665 1528 Contemnes?
1708 1488 1790 1528 377

244 1558 440 1597 Excludat
470 1573 569 1597 uxor
600 1582 654 1587 —-
684 1556 839 1597 virum?
898 1555 983 1596 424
1019 1557 1151 1596 Etiam
1188 1558 1396 1608 quicquam
1436 1557 1582 1608 egisti?
1640 1553 1792 1610 Pomp.

245 1623 353 1666 Bon.
384 1625 439 1665 43
472 1627 635 1664 Possum
671 1639 832 1663 exorare
867 1629 908 1663 te
938 1624 1027 1664 —‘?
1087 1623 1142 1663 84
1171 1626 1257 1674 Ego
1295 1626 1404 1662 illam
1440 1639 1520 1663 non
1555 1626 1794 1676 amplectar?

244 1708 318 1746 ego
347 1709 426 1735 non
455 1692 628 1734 saviem?
670 1691 725 1733 98
755 1692 868 1733 Nunc
896 1706 1013 1744 rogas
1043 1692 1140 1745 quid
1168 1691 1263 1732 fiat?
1310 1690 1388 1733 157
1420 1693 1554 1733 Iamne
1584 1692 1793 1733 abierunt?

246 1765 324 1803 iam
364 1777 443 1802 non
483 1762 679 1801 tundunt?
721 1762 849 1800 iamne
890 1774 961 1810 ego
1003 1775 1088 1799 sum
1129 1762 1171 1799 in
1213 1765 1300 1800 tuto
1342 1762 1466 1800 satis?
1528 1761 1606 1801 177
1644 1762 1697 1800 Et
1738 1762 1793 1799 eis

247 1833 417 1871 obiectes
448 1831 527 1871 etc.
585 1826 692 1870 Nov.
724 1828 779 1869 20
810 1840 870 1880 Sq.
900 1825 1058 1869 Laber.
1090 1828 1143 1868 63
1174 1829 1282 1867 Duas
1319 1829 1485 1867 uxores?
1542 1826 1665 1869 Publ.
1697 1824 1792 1881 Syr.

251 1899 314 1940 17.
347 1895 446 1953 Syri
466 1899 570 1938 sent.
593 1895 676 1937 608
696 1897 902 1949 imperium
930 1897 1074 1935 habere
1102 1897 1163 1936 vis
1191 1895 1400 1946 magnum?
1441 1894 1523 1935 697
1555 1900 1685 1948 potest
1714 1910 1793 1935 non

247 1983 328 2007 esse
347 1969 552 2006 honestum
573 1967 677 2018 quod
705 1979 783 2003 non
812 1966 978 2003 liberum
1008 1965 1092 2004 est?
1140 1962 1245 2003 Ace.
1268 1963 1350 2003 608
1380 1965 1471 2002 Non
1498 1965 1637 2003 vides?
1678 1961 1791 2004 Pali.

247 2034 329 2076 inc.
359 2033 438 2075 inc.
471 2033 526 2075 85
557 2034 678 2086 quid?
708 2037 753 2072 tu
781 2047 860 2072 non
888 2033 1086 2082 intellegis
1117 2033 1197 2072 etc.
1238 2029 1392 2072 Afran.
1414 2030 1469 2072 98
1498 2033 1588 2071 Non
1618 2032 1793 2071 audisti?

246 2102 330 2144 253
360 2117 439 2142 non
470 2116 542 2153 ego
571 2106 611 2142 te
640 2102 733 2142 novi
762 2102 915 2141 tristem
944 2100 1114 2139 serium?
1155 2099 1237 2140 347
1269 2101 1358 2139 Νο11
1388 2101 1568 2140 dolorum
1597 2101 1793 2152 partionis

245 2172 378 2211 veniet
413 2172 455 2209 in
491 2175 659 2210 mentem
693 2170 770 2208 tibi
800 2168 878 2209 etc.
937 2165 1025 2208 Pro
1064 2165 1352 2209 enuntiatione
1391 2166 1668 2209 conditionali
1698 2164 1792 2221 Syr.

246 2240 351 2281 sent.
383 2237 465 2279 536
498 2238 675 2278 omnibus
704 2237 765 2277 vis
795 2250 877 2276 esse
905 2236 1047 2275 notus?

363 2307 428 2349 56.
471 2319 521 2346 ne
542 2303 821 2347 dubitativum
841 2302 942 2346 Pac.
969 2303 1025 2344 34
1044 2305 1151 2343 nilne
1172 2306 1223 2344 ad
1242 2309 1281 2344 te
1302 2305 1350 2344 de
1380 2305 1527 2344 iudicio
1548 2319 1698 2345 armum
1729 2319 1791 2345 ac·

247 2378 369 2418 cidit?
431 2374 511 2417 119
549 2376 690 2415 Hicine
724 2375 759 2414 is
797 2378 856 2413 est
892 2374 969 2413 etc.
1030 2371 1113 2413 318
1148 2373 1310 2412 Nihilne
1340 2397 1395 2402 —
1432 2374 1625 2426 adportet.
1684 2370 1792 2414 Aoo.

247 2447 302 2489 96
332 2447 529 2488 Hocinest.
583 2443 638 2484 98
669 2443 792 2483 Satin.
847 2441 928 2482 231
960 2443 1095 2492 Egone
1125 2442 1318 2492 Argivum
1348 2442 1557 2494 imperium
1587 2443 1793 2494 attingam.

248 2515 331 2557 303
362 2516 493 2556 Viden
520 2532 561 2549 =
594 2510 702 2553 Pall.
739 2509 819 2551 inc.
855 2508 935 2551 inc.
975 2510 1029 2550 62
1057 2529 1097 2544 --
1127 2507 1278 2551 Afran.
1311 2509 1363 2551 91
1394 2530 1437 2546 =
1473 2510 1569 2551 322.
1601 2535 1656 2540 ——
1686 2509 1793 2552 Acc.

246 2583 344 2625 417.
365 2583 448 2625 427
471 2585 606 2635 Egone
626 2582 704 2622 etc.
742 2579 825 2621 433
848 2580 999 2619 Credin.
1042 2577 1125 2618 475
1149 2579 1262 2617 Satin
1283 2583 1372 2618 astu
1392 2583 1432 2618 et
1452 2580 1626 2619 fallendo
1647 2578 1794 2620 callet?

248 2651 330 2692 491
354 2654 444 2691 Tun
474 2653 580 2703 quod
607 2653 782 2702 superest
802 2649 948 2687 socium
967 2648 1094 2686 mittis
1123 2647 1230 2685 leto?
1261 2661 1311 2686 an
1340 2649 1439 2686 lucti
1459 2649 1662 2698 paenitet?
1702 2645 1793 2687 Ino.

245 2717 328 2762 inc.
369 2720 479 2773 trag.
512 2718 565 2761 93
609 2719 749 2759 Hicine
790 2717 858 2756 ille
900 2719 969 2755 est.
1038 2713 1117 2755 193
1156 2715 1410 2755 Meministin.
1476 2713 1561 2755 245
1603 2716 1712 2755 nilne
1753 2720 1794 2755 te

246 2791 398 2829 Horum
427 2791 617 2838 fortunae,
647 2789 704 2826 nil
734 2785 1032 2826 commiserescit
1060 2784 1195 2822 meae?
1238 2779 1400 2836 Turpil.
1432 2782 1487 2823 88
1519 2784 1666 2823 Satine.
1711 2783 1793 2824 102

247 2858 376 2898 Viden
416 2862 462 2899 tu
499 2881 555 2887 —
591 2855 807 2897 incessum?
869 2852 949 2895 104
989 2853 1107 2894 viden
1147 2855 1193 2892 ut
1235 2853 1435 2893 osculatur
1476 2851 1648 2893 cariem?
1712 2850 1793 2894 117
