2080 3480
901 183 1191 224 —68—

261 294 415 337 Afra-n.
448 295 474 335 3
504 297 645 335 melius
676 319 733 324 —
764 311 882 348 quam
911 316 952 330 =
992 293 1087 351 Syr.
1119 300 1224 340 sent.
1255 297 1351 338 572.
1414 295 1495 337 735
1532 297 1672 335 melius
1709 311 1827 348 quam

270 383 312 398 =
341 364 437 404 771.
496 361 604 405 Ace.
640 363 721 404 152
752 367 843 417 plus
875 381 992 418 quam
1019 385 1062 401 =
1104 366 1183 407 157
1212 385 1254 401 =
1284 362 1377 420 Syr,
1408 366 1513 406 sent.
1549 364 1629 405 165
1658 383 1700 399 =
1728 364 1826 405 801.

260 431 414 474 Astan.
453 432 538 473 259
575 435 666 486 plus
698 458 753 463 —
785 435 911 483 Quam
946 454 988 469 =
1022 433 1175 490 Pomp.
1206 433 1315 477 Bon.
1357 435 1438 476 123
1474 454 1513 468 =
1550 431 1708 475 Laber.
1743 433 1827 475 112

269 520 310 537 ..-=
340 498 434 556 Syr.
472 504 579 543 sent.
615 502 698 543 104
736 500 834 558 (bis)
863 523 904 538 =
934 504 1018 545 609
1047 523 1089 539 =
1118 504 1201 546 692
1230 524 1271 539 =
1300 504 1382 546 693
1410 524 1451 540 =
1480 503 1576 545 834.
1635 500 1738 544 Pac.
1770 502 1827 543 84

259 573 434 624 Plusque
466 596 521 601 ——
553 586 682 624 quam.
742 570 850 614 Ace.
890 573 987 614 267.
1027 573 1111 615 314
1147 575 1281 627 potius
1311 589 1427 627 quam
1461 592 1502 607 =
1531 569 1660 613 Titin.
1692 571 1744 613 61
1776 589 1819 605 =

261 638 427 693 Turpil.
461 640 517 681 70
551 660 593 675 --·
631 638 726 695 Syr.
766 644 872 683 sent.
913 642 993 683 561
1032 661 1073 677 --
1114 642 1210 683 570.
1270 639 1380 683 Nov.
1412 642 1467 684 65
1497 643 1738 682 miseriorem
1770 664 1825 670 ——-

262 711 398 757 Quam.
463 709 517 750 76
548 711 667 750 Prius
698 734 754 739 —
786 726 903 763 quam
938 731 980 746 =
1014 708 1115 752 Pae.
1151 710 1230 751 167
1266 729 1308 744 =
1343 708 1449 752 Ace.
1485 710 1577 751 189.
1639 706 1768 750 Titin.
1800 708 1826 749 2

259 780 373 831 prius
394 794 512 831 quam
540 797 582 813 =
614 775 709 832 Syr.
735 781 841 820 sent.
865 780 947 820 323
977 799 1019 814 =
1046 777 1148 820 Pae.
1174 778 1254 819 198
1283 798 1323 812 =
1353 778 1435 819 207
1464 799 1507 814 =
1535 778 1630 819 325.
1672 775 1826 819 Afran.

262 846 360 888 334.
395 847 491 889 335.
533 845 644 888 Pall.
672 845 753 888 ino.
784 846 863 888 inc.
887 847 941 888 96
972 849 1191 887 tristiorem
1212 870 1268 876 —
1289 862 1406 899 quam
1427 849 1622 888 antidhac.
1663 844 1826 900 Turpil.

263 916 320 957 40
358 933 438 957 non
474 919 605 957 minus
636 940 691 946 —-
723 932 849 968 quam.
917 912 1010 970 Syr.
1050 917 1154 956 sent.
1198 915 1279 956 166
1318 917 1436 956 citius
1467 941 1522 945 —
1554 932 1680 968 quam.
1741 915 1826 956 440

264 986 383 1025 citius
404 1001 532 1038 quam.
579 984 661 1026 186
682 986 904 1026 honestiust
929 999 1055 1037 quam.
1100 983 1195 1024 220.
1227 982 1309 1024 297
1341 989 1507 1023 mortem
1537 986 1678 1024 timere
1709 999 1826 1038 quam

263 1056 365 1092 mori
397 1056 627 1093 crudeliust.
680 1052 763 1094 340
794 1055 947 1092 facilius
979 1067 1094 1104 quam
1122 1071 1164 1086 =
1194 1052 1288 1091 731.
1321 1051 1402 1092 341
1436 1054 1591 1091 facilius
1623 1076 1677 1082 —
1708 1067 1825 1103 quam

271 1121 436 1162 =‘588
473 1140 514 1156 =
550 1121 647 1162 616.
709 1121 794 1162 510
831 1122 972 1161 fortior
1002 1146 1057 1150 —
1088 1136 1214 1173 quam.
1275 1119 1371 1161 523.
1410 1119 1505 1162 533.
1543 1119 1627 1161 534
1663 1121 1825 1173 gravius

263 1215 318 1219 —
350 1180 468 1242 quam
496 1208 539 1224 =
568 1190 665 1230 574.
710 1190 790 1231 581
824 1192 984 1241 gravior
1004 1214 1059 1218 —
1080 1205 1207 1241 quam.
1251 1189 1335 1229 544
1364 1192 1612 1229 tolerabilior
1634 1213 1685 1218 -
1709 1205 1825 1242 quam

268 1279 310 1294 =
341 1258 437 1299 812.
492 1258 573 1300 661
607 1261 765 1312 turpius
796 1275 923 1311 quam.
975 1258 1059 1300 670
1088 1260 1215 1298 maior
1244 1282 1299 1287 —
1330 1273 1456 1311 quam.
1514 1257 1596 1299 748
1627 1259 1825 1299 sordidius

263 1352 318 1356 -—
349 1343 478 1380 quam.
531 1327 627 1368 784.
661 1327 745 1368 803
776 1329 890 1379 peius
921 1351 976 1356 —
1008 1342 1135 1378 quam.
1185 1324 1291 1367 Aee.
1324 1326 1377 1367 93
1408 1329 1526 1379 paulo
1557 1342 1672 1378 quam
1702 1332 1747 1367 tu
1768 1351 1825 1356 —

261 1399 398 1437 serius.
458 1393 560 1437 Huc
590 1394 781 1448 pertinet
812 1393 942 1436 etiam
972 1392 1124 1436 Afran.
1158 1395 1212 1436 34
1242 1397 1395 1435 malunt
1424 1420 1480 1425 ——
1510 1411 1636 1447 quam.
1697 1392 1736 1448 d)
1765 1397 1824 1435 nil

262 1466 373 1505 aliud
410 1489 466 1493 —
504 1479 624 1516 quam
667 1461 828 1505 dictum
867 1465 933 1503 est
971 1458 1065 1516 Syr.
1105 1464 1210 1503 sent.
1250 1462 1354 1514 656;
1397 1468 1487 1503 ante
1524 1487 1578 1492 —
1615 1478 1732 1515 quam
1765 1460 1823 1503 ib.

261 1534 365 1583 6893
402 1529 576 1573 insolito
608 1534 753 1572 autem
782 1543 903 1572 more
941 1528 1101 1571 dictum
1132 1532 1197 1571 est
1226 1528 1280 1571 ib.
1317 1531 1397 1572 793
1427 1534 1560 1571 nullus
1590 1536 1650 1571 est
1681 1533 1823 1570 tantus

261 1606 448 1654 quaestus
487 1613 608 1654 quam
645 1602 752 1652 quod
787 1602 933 1639 habeas
972 1613 1143 1650 parcere.
1175 1614 1240 1627 —·
1268 1602 1444 1651 quamvis
1476 1595 1569 1653 Syr.
1600 1601 1706 1639 sent.
1738 1598 1820 1639 217

261 1671 443 1723 quamvis
463 1670 663 1708 humilem.
710 1668 793 1709 708
815 1669 993 1720 quamvis
1015 1669 1188 1707 acerbus.
1202 1691 1258 1696 —
1278 1670 1389 1719 quasi
1409 1665 1516 1709 Nov.
1532 1668 1585 1708 26
1599 1669 1825 1719 Argutatur

260 1740 374 1791 quasi
413 1739 558 1777 cicada.
620 1734 785 1790 Turpil.
829 1736 922 1777 131.
956 1735 1040 1776 214
1078 1737 1191 1788 quasi
1228 1751 1313 1776 cum
1349 1742 1488 1777 ventus
1525 1739 1610 1777 fert.
1669 1733 1822 1788 Pomp.

259 1800 368 1847 an.
395 1805 448 1846 74
472 1806 611 1845 Simile
642 1811 711 1854 est,
743 1806 857 1857 quasi
888 1819 975 1843 cum
1006 1806 1047 1843 in
1079 1806 1185 1843 caelo
1217 1806 1343 1855 fulget
1363 1828 1417 1833 —
1438 1806 1587 1844 lucifer.
1632 1804 1685 1844 99
1711 1806 1824 1856 quasi

260 1878 419 1915 molam.
478 1871 633 1914 Afran.
666 1873 762 1914 350.
822 1871 932 1913 Pall.
969 1871 1048 1912 inc.
1080 1870 1160 1912 ino.
1193 1872 1248 1912 35
1278 1874 1448 1912 Exilivit
1484 1875 1597 1924 quasi
1632 1875 1822 1925 petulcus.

262 1940 393 1983 Titin.
437 1941 530 1981 112.
574 1940 667 1981 181.
728 1938 839 1981 Pall.
877 1938 958 1980 inc.
998 1938 1077 1980 inc.
1117 1939 1172 1979 68
1211 1941 1323 1992 quasi
1359 1942 1403 1979 si.
1435 1964 1491 1969 —-
1522 1943 1603 1980 tam
1633 1938 1735 1981 Pac.
1769 1939 1823 1980 74

261 2017 345 2051 tam
375 2025 492 2062 quam
523 2025 606 2049 nos.
665 2007 772 2050 Ace.
804 2009 870 2049 84.
933 2008 987 2048 96
1018 2014 1100 2048 tam
1130 2010 1341 2049 temeriter.
1401 2006 1503 2050 Pae.
1536 2008 1618 2050 356
1649 2015 1730 2050 tam
1760 2024 1822 2049 ae·

263 2081 414 2119 rumnis
446 2080 599 2117 obruta.
659 2076 766 2118 Αο0.
800 2077 895 2118 337.
929 2077 1013 2117 367
1046 2079 1144 2116 Tam
1181 2078 1374 2118 desubito.
1434 2077 1517 2118 583
1547 2084 1629 2118 tam
1658 2080 1823 2118 adverso

263 2149 443 2199 augurio.
505 2146 589 2187 588
627 2152 710 2186 tam
748 2148 908 2197 opimas.
970 2145 1053 2186 683
1084 2150 1164 2185 tam
1202 2148 1335 2186 ferum.
1397 2147 1479 2188 685
1509 2153 1591 2187 tam
1621 2149 1824 2187 abundans

264 2217 446 2257 fortunis.
489 2211 601 2256 Pall.
632 2212 713 2255 inc.
744 2212 825 2255 inc.
858 2213 911 2255 69
934 2215 1032 2255 Tam
1052 2216 1157 2268 perit
1178 2230 1293 2268 quam
1315 2221 1489 2257 extrema
1518 2217 1620 2257 faba.
1669 2213 1822 2258 Afran.

268 2286 319 2325 15
363 2291 445 2324 tam
490 2285 634 2334 sagaci.
705 2283 785 2322 124
827 2289 908 2322 tam
951 2286 1084 2323 calleo.
1151 2284 1233 2324 248
1275 2289 1356 2323 tam
1396 2287 1548 2324 merito.
1616 2284 1700 2325 282
1741 2291 1824 2323 tam

265 2355 476 2394 criminosa
507 2367 625 2404 quam
655 2355 710 2391 tn.
771 2350 854 2392 338
885 2353 982 2392 Tam
1014 2354 1152 2393 crescit
1181 2357 1316 2393 uterus
1346 2354 1460 2406 quasi
1490 2368 1606 2406 quam
1635 2353 1826 2404 gravidae

263 2424 434 2462 mulieri.
504 2420 586 2460 377
626 2425 708 2458 tam
746 2422 995 2460 confidenter.
1062 2421 1145 2461 412
1182 2428 1302 2461 tanne
1340 2422 1404 2473 (=
1438 2422 1611 2473 tamne).
1671 2419 1823 2472 Pomp.

262 2487 374 2533 Bon.
407 2487 434 2530 4
471 2493 554 2530 tam
591 2489 705 2528 clare.
767 2486 821 2529 96
851 2492 932 2529 tam
963 2490 1137 2530 mirifice.
1201 2488 1281 2530 183
1312 2493 1394 2529 tam
1423 2489 1598 2542 pulchra.
1656 2484 1765 2531 Nov.
1799 2488 1821 2531 7

262 2566 345 2598 tam
366 2560 494 2597 multi.
539 2556 594 2596 55
625 2561 707 2594 tam
737 2563 897 2607 repente
925 2575 967 2589 =
996 2555 1124 2595 Titin.
1157 2556 1224 2595 80.
1268 2554 1426 2595 Laber.
1458 2556 1513 2595 24
1542 2562 1624 2595 tam
1649 2559 1823 2597 arduum.

265 2626 347 2669 133
373 2628 473 2667 Tam
504 2626 583 2666 cito
614 2625 755 2664 crescit
785 2640 901 2677 quam
921 2639 1073 2677 porrus,
1104 2629 1186 2664 tam
1206 2640 1322 2677 quam
1351 2625 1483 2677 palma
1512 2625 1687 2666 firmiter.
1729 2620 1823 2680 Syr.

261 2697 367 2737 sent.
407 2694 492 2735 486
529 2699 612 2733 tam
649 2717 706 2722 —
743 2708 870 2744 quam.
937 2691 1021 2732 532
1058 2697 1140 2732 tam
1180 2694 1293 2732 bona.
1361 2692 1440 2732 811
1481 2695 1578 2733 Tam
1609 2718 1665 2723 —
1695 2699 1823 2745 atque.

262 2765 345 2808 758
377 2770 459 2806 tam
490 2765 560 2805 diu
588 2788 644 2793 —
675 2778 792 2816 quam
822 2763 902 2803 diu.
945 2758 1049 2803 Pac.
1082 2760 1136 2803 38
1168 2773 1229 2815 sq.
1260 2777 1339 2803 non
1368 2767 1450 2803 tam
1472 2787 1527 2792 —
1548 2778 1674 2816 quam.
1718 2759 1823 2806 Aeo.

263 2834 345 2877 160
375 2839 457 2876 tam
489 2848 537 2874 ex
567 2834 651 2874 alto
682 2833 905 2886 appetissis.
937 2855 993 2860 —
