2080 3480
894 247 1181 286 -41—

254 364 377 414 loqui.
419 363 473 404 59
503 365 668 403 Prorsus
698 376 865 414 aequum
894 366 954 401 est
982 367 1125 414 petere.
1169 363 1223 404 62
1244 365 1516 416 Numquamne
1546 363 1646 402 mihi
1676 361 1818 401 licebit

257 456 313 462 —
342 433 497 474 dicere?
547 428 641 488 Syr.
673 432 780 474 sent.
811 429 892 472 551
924 433 1097 479 *amicum
1133 434 1286 474 laedere
1316 449 1365 474 ne
1395 435 1482 474 ioco
1512 433 1672 485 quidem
1710 432 1816 471 licet.

255 498 407 542 Afran.
441 501 522 543 397
546 502 660 550 Quod
689 502 742 539 sit
771 514 970 539 necessum
999 502 1107 542 scire.
1159 498 1252 556 Syr.
1283 505 1389 543 sent.
1412 501 1495 543 296
1526 502 1629 542 mori
1658 514 1816 540 necesse

257 575 327 610 est.
371 567 524 621 Pomp.
556 566 665 609 Bon.
696 568 751 609 46
781 583 861 608 non
889 570 1045 610 vilicari
1074 572 1141 610 sed
1171 573 1366 611 dominari
1396 576 1455 611 est
1484 586 1573 611 mea
1591 570 1813 612 sententia.

255 634 401 679 Laber
435 636 517 678 114
554 642 640 677 erat
674 638 834 677 libitum
863 661 919 666 —
949 639 1138 691 frangere.
1200 636 1298 694 Syri
1335 642 1441 681 sent.
1481 639 1535 681 49
1578 640 1813 680 beneficium

256 708 434 759 accipere
463 707 688 747 libertatem
726 711 785 746 est
813 708 990 748 vendere.
1051 708 1105 749 60
1134 711 1196 749 bis
1226 715 1286 749 est
1315 711 1416 748 mori
1447 710 1611 749 alterius
1641 709 1811 748 arbitrio

256 776 367 815 mori.
440 773 520 815 142
557 776 738 816 oblivisci
776 799 830 805 —
867 778 1032 829 expedit.
1099 777 1183 819 295
1220 779 1406 818 miserum
1443 783 1502 817 est
1543 782 1674 817 tacere
1711 778 1810 828 cogi.

260 843 345 885 320
374 845 433 884 nil
464 858 580 895 agere
616 859 768 897 semper
803 846 953 885 infelici
989 852 1047 886 est
1078 849 1280 899 optimum.
1342 846 1427 887 332
1457 860 1598 886 nocere
1627 860 1742 898 posse
1773 851 1811 885 et

255 914 362 954 nolle
398 915 484 954 laus
522 915 763 968 amplissima
799 919 867 955 est.
934 914 1016 956 356
1055 930 1193 969 parere
1228 914 1333 956 scire
1370 931 1444 969 par
1480 906 1648 968 imperio
1684 915 1813 966 gloria

256 988 325 1023 est.
388 986 471 1024 360
501 995 712 1035 paucorum
742 989 801 1023 est
830 986 1059 1035 intellegere
1089 987 1186 1036 quid
1215 987 1316 1024 celet
1346 986 1451 1024 deus.
1503 983 1587 1025 369
1619 985 1811 1036 pereundi

256 1053 356 1092 scire
385 1056 538 1105 tempus
568 1053 722 1093 assidue
752 1057 811 1093 est
839 1055 949 1093 mori.
992 1052 1076 1095 370
1105 1055 1314 1106 perfugere
1345 1054 1396 1094 ad
1425 1043 1653 1093 inferiorem
1678 1068 1719 1093 se
1750 1054 1810 1105 ip-

256 1136 340 1160 sum
382 1125 442 1160 est
482 1122 649 1160 tradere.
710 1121 793 1161 378
831 1124 986 1172 potenti
1021 1124 1140 1161 irasci
1177 1124 1254 1160 sibi
1291 1123 1483 1173 periclum
1521 1126 1580 1160 est
1610 1135 1809 1173 quaerere.

256 1187 340 1231 380
369 1193 459 1243 post
487 1190 623 1231 fecisse
644 1194 704 1230 est
733 1190 879 1230 fallere.
924 1188 1006 1231 386
1036 1205 1248 1243 properare
1277 1191 1320 1230 in
1349 1191 1561 1231 iudicando
1583 1195 1643 1230 est
1663 1191 1810 1230 crimen

255 1273 451 1310 quaerere.
494 1258 575 1298 401
609 1274 726 1310 quam
753 1260 937 1298 miserum
967 1264 1025 1298 est
1055 1258 1142 1309 eoyi
1172 1261 1402 1310 opprimere.
1445 1258 1529 1299 435
1560 1261 1729 1298 stultum
1749 1264 1810 1297 est

253 1340 424 1379 parcere.
474 1325 558 1366 475
592 1327 765 1366 stultitia
794 1330 855 1366 est
883 1327 1077 1366 insectari.
1120 1325 1202 1367 477
1234 1328 1398 1366 stultum
1429 1331 1488 1367 est
1518 1328 1630 1379 queri
1661 1328 1710 1366 de
1739 1327 1806 1366 ad-

253 1396 389 1435 versis.
431 1393 516 1434 478
547 1396 712 1433 stultum
732 1399 791 1433 est
809 1396 982 1434 vicinum
1004 1396 1105 1434 velle
1133 1396 1271 1434 ulcisci
1301 1397 1493 1434 incendio.
1537 1394 1622 1435 480
1643 1396 1806 1435 suadere

253 1464 435 1516 primum,
466 1464 557 1503 dein
588 1464 783 1515 corrigere
814 1467 873 1503 est
900 1464 1091 1505 benevoli.
1152 1463 1235 1504 505
1265 1464 1438 1503 Difficile
1468 1469 1527 1504 est
1557 1465 1686 1504 dolori
1715 1478 1804 1504 con-

252 1534 388 1574 venire
417 1547 503 1573 cum
534 1534 739 1585 sapientia.
800 1531 883 1573 509
914 1534 1097 1573 Feminae
1126 1537 1307 1573 naturam
1343 1547 1479 1584 regere
1510 1534 1717 1586 desperare
1748 1538 1807 1572 est

254 1604 388 1642 otium.
449 1600 530 1642 521
563 1603 723 1641 irritare
760 1606 820 1642 est
857 1604 1122 1643 calamitatem
1152 1600 1239 1655 (inf.
1270 1599 1535 1655 praedicati).
1596 1600 1679 1642 552
1711 1604 1806 1641 ami-

254 1685 341 1711 cum
382 1671 546 1723 perdere
587 1675 646 1711 est
694 1672 924 1711 damnorum
972 1672 1194 1711 maximum.
1267 1670 1351 1712 574
1401 1671 1597 1711 contemni
1647 1672 1806 1722 gravius

253 1741 423 1792 sapienti
460 1744 519 1779 est
556 1754 672 1791 quam
707 1742 869 1791 percuti.
937 1739 1020 1781 598
1058 1741 1281 1780 Gloriosum
1318 1745 1378 1779 est
1414 1742 1514 1780 iram
1550 1740 1667 1779 amici
1710 1741 1806 1779 ami-

254 1810 389 1849 citiam
425 1809 528 1848 dare.
590 1807 670 1849 607
703 1809 904 1859 ignoscere
922 1810 1134 1864 „hominum
1172 1813 1241 1848 est.
1303 1808 1381 1848 611
1416 1809 1563 1847 infirmi
1592 1809 1715 1847 animi
1746 1813 1805 1846 est

254 1892 333 1917 non
362 1892 475 1930 posse
505 1878 667 1917 divitias
696 1878 792 1928 pati.
837 1875 919 1917 692
939 1879 1028 1928 plus
1049 1881 1108 1916 est
1138 1891 1254 1928 quam
1274 1891 1400 1928 poena
1429 1877 1600 1915 iniuriae
1630 1890 1803 1915 succum-

252 1948 354 1987 bere.
417 1945 495 1986 701
528 1947 734 1998 pulchrum
763 1950 821 1985 est
856 1950 1055 1998 praestare
1085 1950 1240 1994 cuncta,
1277 1946 1336 1983 nil
1366 1946 1533 1995 exigere.
1595 1944 1678 1985 712
1709 1946 1807 1996 quid

254 2020 314 2055 est
347 2016 579 2055 beneficium
617 2015 737 2054 dare?
778 2015 928 2053 imitari
964 2015 1087 2053 deum.
1157 2012 1239 2054 726
1277 2014 1382 2065 quod
1418 2015 1545 2053 facere
1582 2018 1699 2066 turpe
1736 2019 1804 2053 est.

256 2083 336 2124 727
368 2085 473 2135 quod
492 2084 653 2131 nescias,
685 2084 868 2122 damnare
889 2097 1036 2121 summa
1057 2086 1116 2121 est
1144 2083 1356 2121 temeritas.
1402 2081 1485 2122 738
1516 2084 1806 2122 sanctissimum

254 2157 313 2192 est
341 2153 564 2191 meminisse
594 2153 657 2191 cui
686 2156 726 2190 te
757 2153 907 2191 debeas.
969 2150 1050 2191 745
1089 2165 1174 2190 sero
1206 2155 1265 2190 est
1301 2152 1343 2189 in
1381 2152 1569 2202 periculis
1600 2152 1807 2190 consilium

253 2234 449 2273 quaerere.
511 2219 592 2260 747
625 2221 810 2259 solacium
846 2220 994 2270 grande
1030 2223 1089 2258 est
1125 2232 1210 2259 cum
1240 2220 1422 2258 universo
1452 2233 1530 2258 uno
1560 2220 1660 2271 rapi.
1722 2218 1802 2259 751

254 2290 419 2329 stultum
450 2293 508 2328 est
538 2289 660 2329 alium
691 2289 791 2328 velle
820 2288 958 2327 ulcisci
986 2302 1112 2340 poena
1142 2302 1221 2328 sua.
1267 2286 1349 2328 752
1380 2288 1546 2327 stultum
1567 2292 1626 2327 est
1654 2288 1806 2337 timere,

254 2360 359 2411 quod
388 2360 509 2399 vitari
538 2372 617 2397 non
646 2362 787 2410 potest.
850 2356 930 2397 753
967 2359 1132 2396 stultum
1168 2358 1362 2409 imperare
1391 2358 1566 2408 reliquis.
1629 2355 1709 2396 761
1744 2361 1806 2395 tu-

252 2429 449 2468 tissimum
487 2431 546 2467 est
584 2427 723 2466 timere
760 2427 818 2465 nil
847 2430 1004 2478 praeter
1033 2426 1158 2465 deum.
1220 2424 1300 2465 771
1333 2426 1412 2465 viri
1440 2426 1537 2465 boni
1568 2429 1627 2464 est
1657 2426 1808 2465 nescire

253 2498 382 2537 facere
411 2498 607 2537 iniuriam.
669 2494 749 2536 781
782 2499 841 2534 est
869 2495 1098 2534 beneficium
1130 2508 1174 2533 eo
1206 2508 1337 2534 carere
1368 2496 1474 2546 quod
1502 2496 1652 2534 invitus
1682 2496 1808 2547 possi-

253 2567 356 2607 deas.
417 2565 500 2607 783
532 2580 648 2618 quam
671 2566 855 2605 miserum
884 2568 943 2604 est
973 2561 1125 2603 discere
1154 2564 1311 2603 servire.
1364 2562 1447 2604 798
1477 2564 1721 2616 principium
1751 2569 1810 2604 est

216 2683 218 2685 q
254 2637 476 2676 discordiae
505 2650 554 2675 ex
583 2635 776 2675 communi
806 2635 932 2673 facere
960 2633 1171 2686 proprium.
1233 2631 1317 2673 804
1353 2647 1416 2672 res
1447 2635 1600 2685 optima
1633 2638 1694 2673 est
1731 2648 1810 2673 non

253 2705 455 2758 extirpare
484 2706 711 2755 sceleratos,
750 2705 817 2744 sed
846 2704 1001 2743 scelera.
1061 2700 1144 2742 805
1174 2703 1387 2741 ridiculum
1418 2707 1477 2742 est
1508 2704 1600 2742 odio
1630 2704 1809 2742 nocentis

252 2776 417 2828 perdere
452 2776 726 2816 innocentiam.
787 2772 869 2814 815
908 2773 1022 2825 culpa
1059 2772 1215 2823 effugiri
1244 2773 1352 2823 potis
1383 2777 1453 2811 est.
1515 2770 1599 2812 825
1630 2773 1811 2812 durumst

252 2858 408 2895 negare.
474 2843 558 2885 826
595 2845 668 2884 Est
698 2866 753 2872 —
790 2842 1014 2894 ignorantia
1049 2840 1198 2879 nescire
1236 2840 1341 2891 quod
1376 2854 1521 2892 pecces.
1581 2838 1685 2891 830,
1723 2837 1809 2880 842

253 2914 350 2953 satis
380 2919 440 2953 est
469 2929 655 2965 superare
685 2914 896 2961 inimicum,
926 2912 1127 2952 nimiumst
1157 2910 1328 2958 perdere.
1373 2908 1469 2948 845.
1502 2908 1598 2949 846.
1635 2934 1643 2958 ξ
