2080 3480
848 236 1137 278 —27—

217 350 338 389 bavit.
396 346 551 391 Labor.
586 350 637 391 13
669 366 717 391 ex
745 351 882 391 Africa
912 352 1155 392 Venientem.
1216 350 1270 391 36
1302 356 1347 391 ut
1379 352 1534 404 aliquid
1563 354 1698 408 gustes
1729 364 1778 389 ex

219 418 364 469 Cynica
393 421 555 460 haeresi.
617 420 670 461 59
703 436 750 460 ex
781 423 947 461 taberna
983 423 1157 461 tulimus.
1218 420 1272 461 67
1303 422 1362 460 nil
1391 423 1530 471 refert,
1566 422 1725 460 mollem
1756 434 1782 459 e⁴

216 489 358 528 lanitia
386 489 524 529 Attica
552 491 616 529 An
645 495 802 542 pectore
830 505 879 530 ex
898 492 1099 530 hircorum
1117 492 1305 531 vestitum
1325 505 1449 542 geras.
1514 489 1596 530 110
1615 491 1650 529 Ε
1671 491 1775 529 Lare

217 571 392 608 egressus
421 572 517 597 meo.
579 554 672 611 Syr.
694 560 799 600 sent.
824 558 905 600 152
936 574 984 599 ex
1013 561 1113 600 vitio
1145 561 1247 600 alius
1268 560 1425 612 sapiens
1446 560 1631 599 emendat
1649 573 1773 598 suum.

216 625 300 667 245
337 628 508 666 iucunda
542 629 694 667 macula
735 633 794 668 est
835 644 883 668 ex
924 630 1075 669 inimici
1116 631 1318 680 sanguine.
1379 628 1464 669 474
1501 631 1616 681 spina
1652 629 1774 668 etiam

216 699 331 746 grata
369 699 445 745 est,
483 710 531 735 ex
567 711 644 748 qua
679 702 878 750 spectatur
914 713 1014 738 rosa.
1086 698 1169 739 576
1208 713 1257 738 ex
1294 699 1536 739 abundantia
1566 722 1621 726 —
1650 699 1772 738 venit.

217 763 300 805 586
331 779 379 804 ex
408 766 480 804 lite
508 767 633 806 multa
662 768 792 818 gratia
819 768 866 807 fit
888 769 1105 808 formosior.
1166 767 1249 809 587
1279 783 1327 807 ex
1354 770 1506 819 praemi
1531 783 1600 819 spe
1622 769 1772 807 laboris

215 834 262 872 fit
292 835 486 873 solatium.
548 833 631 874 774
660 836 728 874 vix
759 836 963 888 quisquam
993 838 1136 876 transit
1174 837 1217 875 in
1258 837 1404 875 bonum
1446 837 1525 875 nisi
1568 850 1616 875 ex
1656 837 1771 875 malo.

218 900 298 942 841
334 902 439 942 Satis
470 904 673 953 disertust,
711 918 731 943 0
767 919 842 956 quo
873 906 1050 958 loquitur
1084 906 1243 945 veritas.
1304 902 1345 958 b)
1379 900 1609 958 Seperatin
1639 901 1771 945 affero

218 982 290 1011 eos
320 969 448 1022 locos,
480 969 631 1023 quibus
663 986 710 1011 ex
738 972 996 1025 praepositio
1028 985 1125 1013 cum
1144 974 1296 1013 neutro
1324 972 1523 1013 adiectivi
1543 971 1773 1013 coniuncta

217 1040 293 1079 est.
352 1036 454 1080 Pac.
488 1039 568 1081 185
606 1041 830 1081 Sermonem
864 1043 928 1081 hic
963 1046 1140 1081 nostrum
1176 1057 1224 1081 ex
1262 1044 1414 1082 occulto
1453 1043 1603 1094 clepsit.
1662 1039 1770 1082 Ace.

221 1107 302 1150 160
332 1109 410 1149 Cur
438 1114 572 1150 vetera
601 1114 682 1150 tam
712 1125 759 1149 ex
790 1112 870 1150 alto
902 1112 1111 1163 appetissis
1140 1112 1318 1150 discidia.
1379 1110 1463 1152 402
1495 1126 1543 1150 ex
1563 1113 1769 1163 profundo.

218 1177 301 1219 407
333 1193 380 1218 ex
410 1183 508 1218 tuto.
570 1175 663 1232 Syr.
695 1181 800 1220 sent.
834 1178 913 1220 777
952 1181 1133 1232 voluptas
1163 1195 1183 1219 e
1220 1181 1374 1220 difficili
1413 1182 1507 1220 data
1544 1181 1770 1220 dulcissima

217 1252 285 1287 est.
348 1247 429 1288 798
472 1264 520 1287 ex
561 1249 755 1287 communi
796 1250 923 1288 facere
963 1251 1177 1300 proprium.
1237 1248 1274 1302 0)
1305 1247 1357 1289 de
1397 1247 1559 1301 origine
1601 1247 1767 1289 dicitur.

217 1315 324 1357 Αο0.
354 1315 439 1357 463
469 1318 529 1356 Ex
570 1318 777 1367 taurigeno
819 1318 965 1356 semine
1007 1321 1132 1357 ortam
1173 1318 1292 1357 fuisse
1334 1333 1384 1357 an
1422 1319 1592 1358 humano
1634 1320 1767 1358 feram.

217 1384 301 1425 515
332 1400 379 1424 ex
409 1390 477 1424 tuo
520 1399 603 1424 esse
645 1390 872 1438 conceptum
914 1391 1011 1425 satu.
1072 1384 1155 1425 552
1194 1400 1214 1424 e
1254 1387 1433 1438 viperino
1474 1401 1615 1426 morsu.
1674 1383 1766 1426 Ino.

216 1450 297 1493 inc.
328 1454 435 1505 trag.
470 1453 550 1493 102
581 1455 643 1492 Ex
662 1455 830 1493 Tantalo
861 1458 970 1493 ortus
989 1455 1142 1506 Pelops,
1174 1468 1221 1493 ex
1241 1455 1385 1506 Pelope
1406 1478 1461 1483 -
1482 1460 1589 1495 satus
1610 1456 1766 1494 Atreus.

219 1521 299 1562 211
333 1524 522 1573 gaudium
552 1523 701 1562 oboriri
731 1537 778 1562 ex
807 1524 980 1562 tumultu
1016 1524 1202 1562 maximo!
1255 1521 1295 1575 d)
1328 1521 1483 1563 dicitur
1511 1535 1590 1575 pro
1627 1536 1765 1563 necun-

218 1589 311 1631 dum
343 1588 504 1644 Turpil.
534 1590 585 1631 19
616 1606 676 1631 me
707 1606 754 1631 ex
784 1593 952 1632 aliorum
988 1593 1160 1643 ingeniis
1189 1593 1339 1632 iudicat
1370 1589 1438 1646 (cf.
1467 1590 1610 1633 locum
1639 1603 1769 1644 supra

218 1658 397 1700 allatum
440 1655 533 1713 Syr.
572 1660 677 1699 sent.
719 1650 812 1711 151,
855 1658 928 1700 ubi
966 1659 1015 1699 de
1049 1658 1410 1713 praepositionem
1453 1658 1603 1701 eodem
1642 1658 1768 1701 modo

217 1727 401 1782 positam
432 1741 524 1769 esse
543 1727 805 1782 reperimus).
867 1727 1029 1781 Turpil.
1055 1729 1133 1769 137
1155 1745 1335 1781 processe
1355 1732 1469 1770 nobis
1494 1746 1542 1769 ex
1562 1731 1767 1769 sententia.

339 1796 435 1838 Cum
466 1794 568 1838 Pac.
600 1796 626 1837 4
656 1799 882 1838 Eviscerata
912 1799 1087 1838 inanima
1117 1811 1204 1838 cum
1235 1797 1412 1838 animali
1430 1811 1542 1839 sono.
1609 1796 1660 1838 17
1682 1812 1768 1837 cum

216 1868 346 1907 animo
389 1869 551 1907 attendi.
611 1865 665 1907 25
708 1869 863 1919 quicum
899 1871 1080 1907 certetur.
1140 1866 1224 1907 210
1261 1868 1412 1907 Mecum
1442 1867 1633 1907 alter-cas?
1682 1865 1768 1907 424

216 1940 355 1985 tecum,
386 1937 458 1975 sist
487 1941 669 1988 potestas,
700 1937 835 1975 faxsit:
873 1938 934 1974 sin
962 1950 1111 1974 mecum
1140 1936 1249 1974 velit.
1308 1924 1416 1975 Αο0.
1449 1935 1501 1975 13
1533 1940 1657 1974 stares
1686 1950 1766 1973 me-

217 2020 313 2045 cum.
373 2003 429 2045 90
457 2020 584 2044 meum
615 2005 763 2045 senium
793 2020 878 2044 cum
909 2005 1042 2044 dolore
1078 2007 1147 2043 tuo
1186 2005 1420 2055 coniungam
1458 1997 1499 2044 et
1536 2018 1767 2056 comparem.

217 2074 300 2113 216
331 2088 480 2112 summa
510 2089 596 2112 cum
626 2089 728 2116 cura.
786 2072 868 2112 217
901 2087 987 2111 011111
1021 2078 1199 2122 tyranno.
1259 2072 1342 2111 235
1374 2074 1480 2111 0111111
1516 2074 1641 2124 stirpe
1679 2087 1766 2111 cum

216 2143 365 2181 incluta
395 2142 615 2181 Cadmeide.
675 2141 758 2182 326
789 2141 907 2180 armis
938 2155 1065 2179 secum
1086 2164 1141 2169 —
1162 2154 1329 2179 cernere.
1390 2139 1474 2180 358
1505 2141 1663 2179 steterit
1683 2155 1769 2179 cum

214 2211 387 2249 Achivis.
447 2208 530 2248 445
561 2211 639 2248 Pro
669 2224 709 2247 se
740 2210 903 2260 quisque
940 2223 1026 2246 cum
1062 2223 1204 2247 corona
1241 2210 1389 2247 clarum
1427 2213 1603 2248 conestat
1639 2213 1767 2261 caput.

216 2278 301 2320 474
331 2293 430 2331 quae
471 2293 557 2317 cum
599 2280 670 2317 illo
712 2279 863 2317 fuerim.
923 2277 1007 2317 634
1037 2292 1185 2316 mecum
1224 2279 1366 2327 cogito.
1427 2274 1517 2317 Ino.
1547 2275 1629 2317 1110.
1659 2279 1767 2329 trag.

217 2348 272 2390 95
303 2349 419 2388 simul
448 2348 599 2387 animus
629 2361 715 2386 cum
752 2362 794 2386 re
825 2347 1006 2386 concidit.
1064 2342 1191 2386 Lusc.
1223 2344 1242 2385 1
1275 2346 1421 2385 bellum
1451 2360 1539 2385 cum
1567 2347 1767 2386 Rhodien-

216 2420 324 2458 sibus
355 2418 467 2466 Quod
496 2418 626 2456 fuerit.
686 2413 847 2468 Turpil.
882 2414 934 2455 10
965 2429 1049 2453 011111
1085 2428 1229 2465 magna
1257 2416 1427 2454 miseria.
1488 2414 1540 2455 51
1574 2429 1662 2454 cum
1690 2430 1769 2454 uno

215 2502 348 2540 puero.
415 2485 468 2526 57
513 2501 677 2538 quacum
718 2490 824 2525 aetas
867 2484 1042 2535 degenda
1071 2506 1126 2511 -—
1158 2488 1260 2522 esset
1300 2485 1388 2522 tibi.
1450 2482 1504 2523 72
1546 2485 1668 2523 Ducit
1709 2499 1770 2523 me

215 2571 354 2596 secum.
417 2554 468 2595 77
508 2555 740 2594 Habitamus
777 2577 832 2582 —
870 2565 954 2592 cum
989 2552 1240 2590 mulierculis.
1303 2551 1385 2591 112
1416 2566 1465 2590 110
1496 2575 1551 2580 -
1583 2566 1670 2591 011111
1700 2553 1771 2591 illa

215 2625 386 2665 limassis
423 2628 550 2676 caput.
621 2622 697 2664 151
739 2621 914 2662 Subduxi
952 2634 1037 2659 cum
1072 2620 1144 2659 hac
1180 2634 1251 2659 me.
1324 2619 1404 2660 168
1443 2620 1646 2660 subductis
1684 2635 1769 2660 cum

216 2694 438 2745 superciliis
475 2707 595 2732 senes.
655 2690 783 2732 Titin.
814 2690 868 2730 32
906 2694 1031 2728 tecum
1067 2689 1237 2727 obsecro.
1298 2688 1352 2727 43
1391 2703 1478 2727 cum
1514 2693 1653 2728 scorto.
1715 2687 1766 2729 57

216 2777 304 2803 011111
333 2777 380 2803 ea
410 2786 464 2791 -
496 2763 688 2815 conloqui.
749 2758 802 2801 63
832 2773 980 2799 1110011111
1016 2759 1135 2810 loqui.
1196 2756 1250 2798 68
1288 2772 1504 2797 sermonem
1534 2782 1589 2787 —
1619 2771 1768 2797 mecum

217 2834 395 2872 contulit.
459 2831 512 2872 74
548 2833 655 2884 picto
693 2845 779 2869 cum
814 2833 955 2881 tapete.
1014 2825 1125 2866 Atta
1163 2826 1188 2866 3
1228 2842 1313 2865 cum
1349 2827 1564 2866 meretrice.
1624 2825 1651 2865 8
1682 2840 1769 2864 cum

215 2900 342 2952 primo
384 2902 474 2941 luci.
533 2898 685 2941 Afran.
717 2898 771 2940 53
813 2900 919 2938 Bene
960 2898 1249 2945 convenientes,
1292 2897 1391 2935 bene
1433 2896 1640 2935 concordes
1683 2909 1770 2934 cum
