2080 3480
1584 186 1763 228 ΗΚΌῖΑήΥ

850 254 908 258 ψ
967 229 1022 269 49
1081 254 1139 257 -
1597 248 1646 286 32?
1685 242 1760 282 ’.ς’-’ἶ

220 344 305 385 280
334 347 443 384 nefas
472 346 535 383 sit.
595 342 676 383 321
709 345 908 394 Mavortes
938 346 1057 383 armis
1087 346 1163 383 duo
1194 308 1652 396 congressoxgflglgffiglgstf
1688 307 1783 386 55122
1791 302 1980 346 ‘’M-‘unm‘

219 424 281 467 sq.
312 414 375 454 cui
402 416 579 466 potestas
608 412 643 452 si
673 409 809 459 detur,
849 415 919 451 tua
951 412 1064 452 malis
1099 415 1271 455 membra
1305 412 1525 466 discerpat.
1583 413 1669 456 562
1705 416 1775 467 qui

221 505 274 510 —
296 483 465 522 mandet.
506 477 599 520 Ino.
620 477 701 519 inc.
725 480 834 532 trag.
863 478 944 520 120
974 491 1064 534 sqq.
1094 484 1128 522 si
1148 484 1236 535 quis
1258 506 1312 512 -—
1332 484 1509 523 immolet
1530 506 1584 512 —
1607 483 1773 524 dubium

218 551 331 591 fuat?
392 548 473 591 122
510 564 561 588 an
592 572 645 577 —
677 548 788 588 fuat?
851 547 931 589 150
967 551 1001 589 si
1037 552 1123 602 quis
1159 566 1220 591 me
1255 553 1390 592 videat
1420 575 1475 581 —
1505 554 1625 594 dicat.
1689 552 1768 594 177

219 620 316 672 quid
345 634 433 658 eum
463 631 634 666 accuses,
678 618 746 668 qui
777 621 836 656 est
864 619 1036 670 probus?
1098 619 1179 660 180
1209 621 1313 668 Quid
1342 625 1473 660 autem
1503 634 1669 662 accuses
1699 623 1769 674 qui

218 690 261 728 id
289 688 405 740 parvi
435 686 613 725 auditum
643 686 850 725 aestimet?
906 683 1012 727 Ace.
1042 689 1177 741 praet.
1211 688 1230 728 1
1265 690 1370 742 quod
1398 690 1529 730 sciam.
1579 687 1708 733 Lusc.
1740 690 1767 732 2

218 758 315 809 quid
344 769 417 806 ego
446 755 511 794 1110
538 755 770 807 praedicem.
829 751 989 808 Turpil.
1024 755 1105 797 120
1134 759 1231 809 quid
1260 772 1333 809 ego
1362 763 1403 797 te
1432 760 1638 810 appellem.
1685 759 1765 800 196

219 825 316 876 quid
345 823 485 875 agam?
542 820 651 865 Pall.
681 820 762 863 inc.
792 821 872 864 inc.
904 823 959 864 90
988 825 1056 864 ubi
1085 839 1164 865 non
1193 827 1248 866 sis
1278 826 1359 866 etc.
1420 822 1550 866 Titin.
1585 825 1668 867 120
1698 829 1766 879 qui

217 894 329 932 illam
369 893 536 941 derivet,
573 893 750 932 beaverit
782 892 933 942 Agrum
970 893 1158 932 Setinum.
1227 893 1309 933 160
1349 895 1496 934 vellim.
1562 891 1675 934 Atta
1715 894 1766 934 12

217 963 415 1000 vertamus
443 973 636 999 vomerem
668 982 721 988 —
759 974 809 999 an
844 974 1026 999 mucrone
1056 984 1111 989 —
1143 975 1295 1001 aremus
1331 961 1467 1001 osseo?
1524 958 1678 1003 Afran.
1710 961 1762 1002 31

218 1029 253 1067 si
281 1042 361 1067 non
388 1041 541 1077 verear,
570 1042 682 1067 nemo
711 1032 892 1068 vereatur
920 1029 990 1068 tui.
1054 1027 1134 1069 198
1165 1040 1226 1082 sq.
1257 1030 1346 1069 Non
1376 1043 1497 1081 usque
1526 1044 1680 1083 quaque
1710 1053 1763 1059 -—

217 1098 393 1138 invenias
435 1098 578 1147 locum,
619 1098 689 1137 ubi
724 1120 778 1126 —
816 1111 903 1136 cum
937 1098 1052 1146 velie,
1093 1099 1214 1137 facias
1255 1100 1391 1137 lutum.
1448 1098 1531 1138 377
1569 1100 1766 1139 Excludat

217 1179 316 1204 uxor
345 1188 399 1193 —
435 1165 589 1204 virum?
654 1161 861 1217 Pompon.
896 1160 1006 1206 Bon.
1038 1163 1091 1205 53
1133 1166 1198 1205 Ita
1238 1166 1357 1205 velim
1398 1166 1530 1206 facias.
1591 1165 1647 1207 84
1676 1168 1763 1218 Ego

215 1234 326 1272 illam
354 1247 432 1271 non
461 1234 702 1283 amplectar}>
733 1246 804 1282 ego
834 1246 912 1270 non
940 1233 1111 1271 saviem?
1164 1232 1242 1272 177
1275 1235 1330 1272 eis
1359 1238 1399 1271 te
1429 1234 1626 1274 obiectes?
1679 1234 1761 1275 183

217 1315 293 1353 quo
328 1305 444 1353 pacto
487 1315 638 1340 caream
678 1304 761 1340 tam
796 1300 959 1352 pulchra
997 1301 1126 1353 penu?
1184 1297 1292 1342 Νῦν.
1327 1300 1407 1341 129
1438 1303 1605 1342 decidas.
1666 1298 1761 1356 Syr.

217 1370 322 1408 sent.
355 1369 378 1408 7
410 1382 526 1419 aegre
566 1370 778 1419 reprendas
820 1369 926 1418 quod
960 1369 1065 1407 sinas
1106 1382 1364 1407 consuescere.
1424 1368 1479 1408 35
1515 1384 1635 1409 avaro
1665 1372 1762 1422 quid

215 1437 311 1477 mali
341 1441 451 1490 optes
481 1437 560 1477 nisi
593 1436 717 1477 ‘vivat
746 1432 836 1476 diu’.
896 1435 950 1477 36
981 1452 1141 1478 avarum
1171 1439 1284 1478 facile
1313 1439 1460 1490 capias,
1497 1439 1567 1478 ubi
1597 1454 1676 1479 non
1705 1442 1759 1480 sis

215 1506 321 1544 item.
384 1504 461 1545 101
495 1506 558 1544 0111
587 1503 695 1543 nolis
724 1519 840 1556 saepe
869 1506 1003 1553 irasci,
1041 1507 1222 1545 irascaris
1259 1507 1386 1545 semel.
1449 1505 1531 1545 166
1562 1508 1760 1546 fortunam

216 1574 333 1613 citius
362 1574 536 1625 reperias
549 1587 680 1624 quam
709 1574 889 1612 retineas.
932 1572 1015 1613 203
1037 1575 1169 1614 facias.
1212 1572 1292 1613 221
1316 1574 1502 1612 iniuriam
1523 1575 1608 1625 ipse
1628 1576 1760 1624 facias,

213 1642 283 1680 ubi
311 1655 390 1681 non
425 1642 611 1680 vindices.
670 1639 754 1680 226
796 1642 942 1692 inpune
981 1654 1116 1693 pecces
1151 1643 1194 1680 in
1224 1655 1328 1689 eum,
1371 1642 1438 1692 qui
1475 1647 1612 1693 peccat
1641 1643 1760 1694 prior.

215 1708 298 1750 266
318 1709 569 1748 maledictum
587 1709 885 1760 interpretando
906 1710 1027 1749 facias
1047 1711 1185 1750 acrius.
1227 1708 1312 1750 292
1332 1710 1460 1749 minus
1481 1724 1596 1762 saepe
1616 1725 1762 1763 pecceS,

215 1780 250 1818 si
279 1779 379 1817 scias
408 1778 504 1828 quid
531 1778 691 1816 nescias.
751 1775 835 1816 295
864 1778 1047 1816 miserum
1083 1782 1143 1817 est
1178 1782 1307 1816 tacere
1337 1778 1442 1827 cogi,
1484 1779 1590 1829 quod
1628 1780 1762 1830 cupias

215 1847 335 1899 loqui.
394 1844 478 1886 298
507 1849 672 1885 mortem
700 1846 770 1885 ubi
799 1849 1033 1895 contemnas,
1064 1859 1195 1885 omnes
1224 1846 1365 1886 viceris
1393 1849 1530 1885 metus.
1583 1844 1667 1886 348
1697 1860 1759 1886 oc-

218 1917 297 1955 cidi
326 1916 542 1967 pulchrum,
571 1915 641 1954 ubi
671 1928 757 1953 cum
785 1914 1003 1964 ignominia
1031 1914 1190 1953 servias.
1250 1912 1334 1953 324
1364 1913 1423 1951 nil
1454 1917 1615 1965 peccent
1644 1915 1759 1963 oculi,

215 1985 250 2025 s'i
280 1984 402 2024 oculis
432 1983 583 2023 animus
613 1984 788 2035 imperet.
831 1980 911 2023 327
943 1982 1021 2021 nisi
1040 1995 1111 2034 per
1138 1986 1179 2021 te
1207 1982 1348 2033 sapias,
1378 1982 1524 2021 frustra
1544 1983 1761 2033 sapientem

217 2053 363 2091 audias.
414 2049 497 2090 329
527 2052 605 2089 11181
634 2051 808 2089 vindices
838 2050 992 2097 delicta,
1022 2050 1316 2100 improbitatem
1346 2050 1517 2088 adiuves.
1569 2048 1653 2089 336
1683 2063 1762 2089 non

214 2120 330 2159 facile
370 2120 475 2158 solus
516 2132 645 2158 serves
686 2119 790 2170 quod
824 2118 958 2157 multis
998 2118 1137 2169 placet.
1198 2115 1281 2157 358
1324 2131 1424 2168 quae
1459 2131 1629 2169 nequeas
1664 2119 1761 2170 pati.

215 2186 296 2227 401
330 2201 446 2238 quam
474 2188 658 2225 miserum
693 2191 753 2225 est
787 2187 874 2235 cogi
904 2186 1142 2236 opprimere,
1180 2200 1294 2236 quem
1323 2186 1476 2225 salvum
1505 2186 1616 2224 velis.
1676 2184 1761 2224 434

215 2256 320 2309 quod
348 2256 482 2307 fugere
512 2255 654 2294 credas.
704 2252 787 2294 435
818 2254 923 2305 quod
951 2254 1101 2294 nescias
1132 2254 1194 2293 cui
1218 2268 1357 2303 serves,
1387 2254 1553 2293 stultum
1583 2257 1642 2293 est
1670 2267 1760 2305 par-

217 2339 313 2364 cere.
355 2323 439 2363 440
460 2325 565 2374 quod
592 2324 732 2362 timeas
753 2323 869 2361 citius
890 2337 1006 2373 quam
1026 2324 1132 2373 quod
1151 2336 1282 2373 speres
1301 2322 1442 2360 evenit.
1485 2320 1569 2360 494
1589 2325 1762 2361 veterem

217 2394 376 2433 ferendo
418 2392 604 2431 iniuriam
644 2391 788 2440 invites
828 2404 978 2429 novam.
1045 2388 1128 2430 495
1169 2391 1317 2430 virtute
1358 2389 1463 2440 quod
1503 2402 1583 2427 non
1622 2390 1762 2440 possis,

216 2461 415 2502 blanditia
444 2460 605 2499 auferas.
655 2457 734 2499 511
768 2459 915 2497 frustra
934 2480 989 2485 —
1019 2461 1173 2509 repetas
1202 2456 1518 2497 adulescentiam.
1569 2455 1654 2496 515
1684 2471 1764 2496 non

218 2531 334 2570 ausis.
377 2527 460 2569 529
489 2528 660 2568 Nescias.
702 2524 784 2567 545
803 2526 882 2566 Ubi
912 2526 965 2565 sis
995 2539 1081 2564 cum
1109 2526 1200 2574 tuis,
1231 2525 1306 2563 etsi
1336 2525 1453 2574 absis,
1482 2526 1656 2576 patriam
1684 2540 1764 2565 non

218 2599 425 2638 desideres.
469 2595 552 2638 572
583 2597 746 2636 consilio
774 2595 913 2634 melius
941 2594 1074 2634 vincas
1093 2607 1209 2645 quam
1238 2594 1454 2633 iracundia.
1497 2591 1582 2634 580
1613 2594 1765 2634 discute

219 2668 326 2721 quod
355 2667 469 2707 audis
488 2681 612 2717 omne,
642 2666 746 2718 quod
772 2663 913 2704 credas
941 2664 1074 2715 proba.
1125 2661 1208 2702 616
1239 2663 1427 2701 iniuriam
1456 2663 1614 2703 facilius
1644 2664 1765 2703 facias

218 2750 336 2789 quam
370 2736 483 2776 feras.
544 2733 626 2776 646
662 2734 850 2775 invenias.
909 2731 989 2773 671
1027 2731 1127 2771 nulli
1163 2731 1357 2783 impones,
1399 2731 1507 2783 quod
1541 2732 1628 2784 ipse
1663 2732 1765 2770 ferre

217 2819 297 2845 non
337 2819 466 2857 queas.
527 2803 609 2845 686
651 2806 852 2856 peccatum
893 2802 1008 2841 amici
1036 2801 1161 2841 veluti
1201 2804 1313 2839 tuum
1355 2803 1460 2838 recte
1496 2803 1620 2848 putes.
1682 2798 1761 2839 727

217 2873 324 2925 quod
351 2874 519 2923 nescias,
561 2873 745 2913 damnare
774 2884 922 2911 summa
952 2873 1010 2909 est
1045 2868 1256 2908 temeritas.
1317 2865 1401 2907 734
1430 2881 1500 2906 rex
1530 2880 1613 2907 esse
1641 2867 1765 2907 nolim

334 2938 478 2972 Holus,
498 2939 688 2967 adumbratio.
1509 2935 1531 2966 4
