2080 3480
912 199 1200 240 „30-

283 317 364 358 317
396 318 446 356 ad
483 328 670 355 summum
712 314 895 364 pervenit
935 315 1074 353 locum.
1135 312 1218 353 370
1259 313 1464 365 perfugere
1505 311 1556 348 ad
1596 310 1833 348 inferiorem.

283 385 362 426 511
397 386 446 424 ad
482 386 672 423 senectam
708 386 870 421 ventum
910 386 977 421 est.
1047 380 1130 422 558
1169 383 1219 421 ad
1256 381 1432 420 effectum
1468 402 1523 407 —
1560 379 1680 419 venit.
1749 377 1832 420 592

284 456 334 493 ad
364 459 542 493 naturam
571 451 784 490 reciderint
813 464 934 489 suam.
996 450 1080 490 694
1106 465 1232 502 poena
1252 452 1303 490 ad
1322 451 1466 489 malum
1490 462 1656 500 serpens
1716 445 1765 501 b)
1782 446 1834 488 de

283 519 457 563 consilio
488 517 641 560 dicitur
671 519 713 559 et
745 515 797 558 de
827 530 874 558 re
905 516 1050 570 aliqua
1081 517 1358 572 assequenda.
1416 516 1518 559 Pac.
1551 516 1605 558 22
1636 532 1754 569 seque
1784 519 1835 557 ad

282 592 396 630 ludos
417 613 472 618 —
494 592 708 627 exerceant.
769 586 822 627 23
846 588 896 625 ad
922 588 1018 625 fines
1039 611 1095 615 —
1117 590 1168 627 ad
1188 589 1435 628 causandum.
1496 587 1546 628 51
1581 587 1685 639 quod
1714 587 1834 639 prim-

280 660 431 698 ordium
464 658 664 709 Capissam
699 657 750 696 ad
782 657 946 707 stirpem
974 657 1268 706 exquirendum.
1328 656 1412 697 358
1444 658 1494 696 ad
1517 656 1834 709 praecavendum.

278 724 368 766 Ino.
401 724 481 766 inc.
512 728 619 776 trag.
651 724 701 764 81
748 726 798 764 ad
839 724 1080 775 pariendum.
1152 721 1310 764 Laber.
1346 725 1427 764 134
1470 726 1732 764 delenimenta
1772 725 1836 763 Ad

281 809 461 835 amorem.
523 789 614 847 Syr.
646 794 751 835 sent.
781 792 807 833 4
839 793 889 832 ad
919 793 1181 832 calamitatem
1213 794 1384 844 quilibet
1412 808 1546 833 rumor
1574 795 1692 834 valet.
1755 792 1835 834 123

286 865 485 902 difficilem
516 868 671 915 oportet
701 877 833 901 aurem
861 863 1005 900 habere
1042 862 1093 900 ad
1130 862 1305 901 crimina.
1367 861 1451 902 614
1487 863 1639 901 inimici
1675 863 1726 902 ad
1755 863 1836 902 ani-
1881 895 1884 898 Α

284 947 389 972 mum
420 933 549 971 nullae
580 932 813 971 conveniunt
843 945 985 983 preces
1046 929 1084 984 c)
1117 928 1173 969 ad
1192 943 1317 969 unum
1348 928 1514 982 dicitur,
1546 929 1581 971 Si
1612 928 1838 972 dicendum

287 1003 352 1042 est
381 999 497 1041 nullo
529 1000 705 1053 excepto
735 998 816 1040 inc.
842 997 921 1040 inc.
949 1001 1056 1052 trag.
1087 998 1171 1040 253
1202 1000 1449 1039 Deletionem
1478 1001 1605 1039 nostri
1637 1002 1687 1040 ad
1717 1016 1837 1039 unum

286 1072 488 1108 exercitus.
549 1067 590 1121 d)
624 1067 675 1108 de
707 1067 847 1120 quiete
878 1067 921 1107 in
951 1066 1045 1108 loco
1070 1066 1226 1108 dicitur
1245 1066 1351 1107 Acc.
1374 1067 1458 1107 566
1479 1069 1611 1119 posita
1632 1069 1682 1107 ad
1702 1070 1837 1107 stellas

284 1143 441 1189 septem.
503 1137 585 1177 630
606 1138 656 1176 ad
676 1139 838 1176 laevam.
901 1136 980 1176 687
1004 1138 1054 1176 ad
1074 1138 1263 1176 dextram.
1324 1133 1486 1189 Turpil.
1512 1135 1592 1177 172
1617 1138 1837 1176 mansiones

286 1229 340 1234 —
371 1207 421 1244 ad
451 1207 623 1244 amicam.
685 1201 778 1258 Syr.
811 1207 916 1245 sent.
949 1205 1030 1245 799
1062 1206 1286 1257 proximum
1319 1206 1369 1244 ad
1405 1206 1668 1244 innocentiam
1698 1206 1836 1244 locum.

284 1271 427 1314 Anon.
454 1258 571 1314 1111111.
603 1273 629 1314 5
660 1274 711 1313 ad
743 1289 864 1325 aquas
895 1275 981 1314 fuit.

398 1342 521 1394 Apud
550 1341 656 1382 Aee.
688 1341 769 1382 277
803 1344 953 1381 Adsum
984 1344 1089 1394 apud
1118 1347 1167 1382 te.
1229 1341 1311 1383 297
1333 1343 1453 1394 Apud
1479 1344 1744 1382 abundantem
1771 1357 1837 1382 an-

284 1413 434 1463 tiquam
464 1426 615 1451 amnem
646 1416 685 1451 et
715 1412 875 1463 rapidas
906 1412 1030 1451 undas
1060 1412 1207 1450 Inachi.
1268 1410 1351 1451 342
1384 1412 1502 1463 Apud
1539 1413 1668 1464 ipsum
1705 1414 1838 1451 adstas

287 1477 431 1531 (Non.:
460 1498 500 1512 =
528 1478 674 1532 iuxta).
735 1479 819 1520 408
839 1481 958 1532 Apud
978 1485 1172 1520 vetustam
1192 1484 1349 1519 turrem.
1394 1478 1478 1520 448
1499 1481 1690 1519 Remanet
1708 1481 1837 1532 gloria

286 1550 391 1599 apud
426 1563 496 1587 me.
555 1545 646 1588 Ine.
675 1547 755 1588 inc.
792 1550 900 1600 trag.
936 1548 1018 1589 206
1057 1550 1162 1601 apud
1197 1550 1392 1588 Lacaenas
1429 1550 1613 1599 virgines,
1674 1546 1837 1602 Tm'pil.

291 1615 371 1656 125
404 1617 508 1668 apud
543 1618 673 1667 ignem
710 1618 879 1669 aliquem
916 1632 1099 1669 magnum
1136 1618 1322 1657 adsidam.
1384 1616 1462 1658 187
1496 1618 1839 1671 Condixerantque

288 1700 421 1725 cenam
464 1687 568 1737 apud
608 1701 679 1725 me.
748 1683 874 1726 Titin.
907 1686 957 1727 61
1003 1688 1107 1738 apud
1148 1691 1197 1725 te.
1255 1684 1367 1726 Atta
1413 1685 1464 1726 10
1507 1688 1612 1739 apud
1653 1702 1838 1727 mensam.

285 1750 436 1794 Afran.
469 1753 523 1794 38
559 1755 649 1793 Non
690 1769 773 1794 sum
816 1756 920 1807 apud
961 1770 1031 1794 me.
1090 1752 1241 1807 Pomp.
1271 1752 1381 1796 Bon.
1428 1753 1509 1797 168
1553 1758 1659 1809 apud
1700 1758 1838 1796 forum.

284 1819 393 1862 NOV.
428 1822 480 1863 78
512 1823 616 1874 apud
645 1838 695 1862 se.
758 1819 850 1876 Syr.
883 1824 986 1864 sent.
1019 1823 1103 1864 260
1134 1826 1239 1876 apud
1269 1826 1486 1875 indignum.

399 1889 621 1930 Advorsum
653 1888 780 1932 Titin.
803 1891 857 1932 55
889 1893 1097 1932 advorsum
1125 1894 1238 1932 illum
1265 1908 1327 1932 res
1348 1908 1437 1933 suas
1459 1895 1723 1946 conqueritur.
1784 1893 1839 1934 65

286 1960 382 2010 quid
412 1973 483 2009 ego
512 1960 587 1998 feci
615 1964 655 1999 te
686 1962 892 2001 advorsum
923 1965 992 2000 aut
1021 1966 1175 2013 patrem
1195 1977 1333 2001 meum.
1392 1958 1547 2002 Afran.
1574 1961 1654 2003 148
1676 1963 1735 2002 De
1755 1964 1840 2003 vita

286 2042 330 2066 ac
359 2032 482 2067 morte
513 2029 661 2068 domini
691 2031 919 2070 fabulabare
948 2031 1171 2070 Advorsum
1202 2032 1365 2070 fratrem
1395 2032 1515 2071 illius.

403 2097 509 2136 Ante
538 2094 782 2138 adverbium
813 2101 877 2139 est
906 2096 1057 2140 Afran.
1089 2098 1186 2140 308.
1218 2098 1307 2153 Syr.
1339 2102 1446 2140 sent.
1480 2099 1558 2141 151
1592 2105 1683 2141 ante
1712 2102 1838 2142 factis.

285 2164 377 2205 689.
436 2162 703 2218 Praepositio
736 2165 890 2208 dicitur
920 2168 959 2220 a)
990 2166 1042 2209 cle
1072 2166 1167 2210 loco
1198 2166 1306 2209 Ace.
1338 2168 1418 2209 146
1450 2174 1541 2208 ante
1573 2172 1703 2209 oculos
1733 2173 1838 2223 posi-

282 2239 372 2273 tam.
434 2231 594 2288 Turpil.
630 2235 709 2276 153
753 2241 844 2276 ante
887 2238 1039 2277 ostium.
1099 2235 1145 2289 b)
1178 2235 1230 2278 de
1260 2239 1453 2291 tempore
1483 2236 1590 2279 Ace.
1628 2237 1709 2278 128
1748 2243 1841 2279 ante

283 2308 443 2342 noctem.
510 2303 593 2344 493
630 2310 721 2344 ante
758 2320 954 2355 auroram,
990 2308 1191 2345 radiorum
1230 2309 1437 2346 ardentum
1473 2308 1653 2345 indicem.
1714 2308 1756 2357 o)
1788 2304 1841 2346 de

283 2382 329 2410 re
358 2369 638 2423 praeferenda
667 2370 768 2414 Pac.
804 2373 885 2414 120
916 2389 1030 2427 quem
1068 2377 1173 2415 fama
1204 2376 1327 2416 Graia
1357 2380 1448 2415 ante
1485 2376 1611 2415 omnis
1648 2376 1838 2415 nobilitat

283 2455 399 2479 viros.

409 2506 558 2548 Contra
590 2507 834 2552 adverbium
873 2515 937 2554 est
966 2510 1070 2554 Pac.
1102 2512 1183 2554 281
1230 2514 1291 2552 fac
1333 2517 1378 2551 tu
1420 2516 1555 2551 contra
1596 2512 1694 2550 mihi
1736 2514 1841 2564 quod

285 2590 381 2626 rogo
412 2579 653 2628 respondeas.
714 2579 808 2620 372.
867 2579 974 2622 ACC.
1006 2581 1087 2622 541
1123 2583 1271 2621 Contra
1309 2586 1369 2620 est
1405 2581 1585 2619 eundum.
1647 2579 1730 2620 310
1763 2581 1838 2633 [at]

285 2649 429 2686 contra.
500 2643 767 2701 Praepositio
804 2648 910 2692 Ace.
949 2650 1033 2692 476
1071 2652 1141 2691 ubi
1178 2651 1236 2689 nil
1275 2653 1411 2689 contra
1446 2649 1641 2688 rationem
1679 2664 1840 2702 aequam

282 2715 432 2754 habuit.
494 2716 577 2756 538
608 2733 721 2768 quem
752 2734 877 2770 neque
907 2721 1011 2758 tueri
1033 2724 1169 2758 contra
1197 2733 1268 2757 nec
1288 2719 1364 2757 fari
1386 2731 1517 2768 queas.
1577 2714 1683 2757 Aeo.
1703 2720 1840 2770 praet.

283 2782 308 2822 3
340 2784 431 2823 Vim
467 2785 659 2825 Gallicam
689 2810 744 2816 —
776 2793 921 2828 contra.
981 2785 1137 2828 Afran.
1169 2786 1220 2827 91
1255 2787 1386 2826 Viden
1421 2789 1467 2825 ut
1504 2786 1669 2826 facunde
1699 2789 1839 2827 eontra

283 2855 453 2892 causaris
471 2857 639 2905 patrem.
699 2852 856 2898 Laber.
881 2856 933 2896 73
957 2861 1094 2897 contra
1115 2860 1296 2895 exortum
1316 2855 1568 2906 Hyperionis.
1630 2854 1684 2896 83
1705 2860 1845 2897 contra.
